1850 2692
717 305 864 342 Auctore
880 305 1102 341 Adanmano.

239 322 301 342 car.
318 314 358 352 9.]
1525 318 1535 339 1
1550 317 1587 350 17

238 399 382 431 videlieet
403 399 536 437 libellus,
558 411 576 430 a
597 400 749 432 Natalitio
770 401 898 432 Domini
918 412 1016 442 usque
1031 401 1069 431 ad
1085 400 1280 431 paschalium
1295 400 1590 431 consummationem

237 451 356 481 dierum
367 450 399 480 in
411 451 498 491 aquis
514 462 704 492 permanens,
719 457 825 492 postea
839 452 871 482 in
886 452 952 493 ripa
966 452 1100 482 fluminis
1112 463 1130 482 a.
1144 451 1265 482 feminis
1280 451 1465 491 quibusdam
1476 451 1590 493 ibidem

237 502 506 533 deambulantibus
527 508 678 543 repertus,
703 504 742 534 ad
763 504 917 543 quendam
933 503 1139 544 Iogenanumd
1161 504 1387 543 presbyterum,
1411 507 1505 543 gente
1521 501 1591 532 Pic-

237 559 327 589 tum‘,
340 554 428 594 cujus
439 555 524 595 prius
535 555 615 595 juris
631 561 705 592 erat,
722 556 754 586 in
769 557 887 593 eodem,
908 568 971 587 non
992 556 1091 587 solum
1109 556 1291 591 madefacto,
1308 555 1362 585 sed
1377 554 1470 585 etiam
1486 559 1591 595 putre-

238 602 329 640 facto,
354 609 496 644 portatur
519 605 650 635 sacculo.
695 606 798 644 Quem
824 605 940 637 scilicet
966 606 1119 636 sacculum
1142 606 1224 636 idem
1240 605 1416 646 Iogenanus
1441 605 1589 646 aperiens,

240 667 329 687 suum
349 656 561 697 incorruptum
576 657 715 688 libellum
735 657 864 694 invenit,
887 663 917 688 et
939 658 982 688 ita
998 657 1131 688 nitidum
1147 662 1178 688 et
1194 658 1318 693 siccum,
1335 669 1370 688 ae
1386 657 1411 688 si
1425 657 1456 687 in
1480 656 1590 688 scrinio

238 713 326 738 tanto
341 708 556 748 permansisset
571 714 718 749 tempore,
745 715 776 739 et
799 720 958 749 nunquam
979 709 1010 739 in
1025 721 1119 750 aquas
1135 709 1304 740 cecidisset.
1352 709 1414 741 Sed
1429 714 1460 740 et
1475 709 1533 739 alia
1553 709 1591 739 de

236 758 322 789 libris
337 770 430 789 manu
446 759 543 790 saneti
555 759 716 791 Columbae
731 761 907 791 ²caraxatisf
920 761 1030 791 similia
1044 762 1082 791 ab
1097 760 1232 801 expertis
1254 760 1466 791 indubitanter
1485 759 1593 791 didici-

237 821 305 840 mus
319 809 350 839 in
366 810 493 840 diversis
508 816 576 841 acta
591 811 682 841 loeis:
707 811 761 851 qui
777 812 893 843 scilieet
913 812 992 848 libri,
1016 812 1048 842 in
1068 812 1156 852 aquis
1176 812 1277 848 mersi,
1302 812 1387 842 nullo
1410 811 1502 842 modo
1525 822 1591 842 cor-

236 860 338 901 rumpi
358 866 509 901 potuereg.
546 861 597 892 De
612 866 715 902 ³supra
729 868 897 893 memorato
912 874 984 893 vero
1007 863 1171 904 *logon-dni
1184 863 1260 893 libro
1282 874 1298 893 a
1319 863 1391 893 viris
1408 862 1591 903 quibusdam

237 912 396 943 veracibus
417 918 449 943 et
471 913 615 954 perfectis
636 914 772 954 bonique
794 914 973 952 testimonii,
1000 914 1064 945 sine
1089 914 1150 945 ulla
1174 914 1386 955 ambiguitate,
1412 914 1591 945 relationem

598 995 607 1009 ²
618 994 724 1015 craxatis.

237 1063 292 1086 dem
306 1071 388 1087 vaccae
396 1063 509 1092 adhaesit,
522 1068 548 1087 et
558 1064 593 1087 sic
603 1072 679 1087 vacca
691 1065 716 1087 iu
728 1064 790 1095 pedo
800 1064 890 1088 cetham

237 1105 317 1127 traxit
329 1112 412 1127 secum
429 1104 461 1127 ad
473 1108 576 1131 terram,
597 1108 621 1128 et
639 1106 754 1128 inventus
772 1109 811 1128 est
827 1105 890 1128 libor

237 1145 360 1176 evangelii
373 1146 397 1168 in
414 1145 481 1168 cetha
494 1145 595 1176 pellicea
608 1147 750 1176 putrefacta
766 1146 847 1169 siccus
865 1149 890 1169 et

237 1187 323 1210 aridus
336 1191 411 1217 atque
429 1187 550 1210 candidus
571 1188 623 1209 sine
638 1187 689 1210 ullo
704 1187 805 1210 humore
823 1195 852 1210 ae
870 1188 890 1210 si

237 1227 351 1251 conditus
360 1231 427 1250 esset
436 1228 460 1250 in
467 1227 674 1250 biblioteca.⁷’—c.
683 1235 709 1257 27
717 1228 786 1258 (Cod.
795 1228 888 1251 Marsh.

238 1269 279 1291 sol.
293 1277 333 1297 ¹47
347 1277 361 1291 a
371 1270 407 1298 α.)
428 1271 440 1281 “
451 1269 474 1292 S.
489 1269 614 1291 Kiaranus
627 1269 755 1291 benedixit
766 1269 889 1292 fratribus

239 1310 296 1338 suis,
314 1313 339 1333 et
357 1310 480 1340 accipiens
493 1309 574 1332 cethus
590 1317 647 1332 suas
661 1317 715 1332 cum
728 1309 797 1332 libris
810 1309 833 1331 in
846 1309 889 1332 hu-

238 1352 319 1378 meris,
328 1351 439 1382 perrexit
450 1351 599 1375 indes-Il).
614 1359 633 1374 c.
643 1358 679 1380 25.
707 1351 781 1380 (Ibid.
795 1351 835 1373 fol.
847 1351 889 1379 146

238 1392 292 1423 bb.)
330 1392 424 1423 “Ignis
439 1399 488 1414 non
508 1399 582 1414 ausus
602 1395 642 1414 est
659 1395 757 1422 partem
777 1398 848 1414 urere
865 1391 890 1413 in

237 1441 286 1464 qua
297 1441 381 1463 squesa
394 1441 450 1456 cum
461 1433 532 1456 libris
545 1434 626 1456 sancti
640 1433 687 1456 viri
699 1432 804 1456 fuerat-'¹
838 1432 889 1455 Vit.

238 1475 262 1498 S.
275 1475 413 1502 Caiunichi,
435 1483 456 1498 c.
476 1483 502 1504 31
523 1475 559 1505 (p.
573 1483 606 1506 19,
620 1474 659 1498 ed.
674 1474 757 1504 Orm.)
792 1476 806 1486 ‘¹
818 1474 889 1497 Dixit

239 1516 355 1542 Sanetus,
376 1516 428 1539 Nos
446 1516 518 1539 ambo
530 1523 614 1538 eamus
633 1516 657 1538 in
670 1516 735 1538 viam
747 1518 773 1538 et
785 1523 890 1545 squesam

236 1562 350 1581 nostram
371 1565 427 1580 cum
450 1558 521 1580 libris
544 1557 623 1580 deduc
646 1557 752 1580 tecum.”
789 1557 888 1587 Again:

239 1604 256 1614 ‘⁴
267 1600 356 1623 Libros
369 1600 398 1623 de
410 1608 494 1630 squesu
507 1608 592 1630 prome
607 1603 633 1623 et
645 1607 688 1622 nos
705 1599 804 1622 interim
822 1599 890 1630 lega-

236 1642 312 1664 musJ'
343 1641 381 1664 lh.
394 1648 415 1664 c.
430 1649 470 1671 53.
501 1641 551 1670 (lb.
565 1649 588 1671 p.
603 1640 654 1670 32.)
690 1644 707 1654 “
721 1641 790 1664 Duas
810 1640 891 1664 cethus

235 1682 306 1706 libris
324 1682 411 1713 plenas
429 1683 480 1705 suis
492 1682 601 1705 humeris
613 1682 752 1712 imposuit.''
792 1682 843 1705 Vit.
863 1682 888 1705 S.

239 1724 359 1747 Carthaei
380 1724 452 1753 (Act.
473 1725 516 1747 SS.
536 1724 603 1752 Maii,
620 1727 679 1746 tom.
699 1724 731 1746 iii.
752 1732 775 1754 p.
793 1724 838 1752 380
856 1723 889 1753 b).

240 1765 357 1796 Reliques
375 1766 428 1788 also
445 1773 510 1788 were
522 1766 620 1789 carried
632 1766 656 1788 iu
675 1766 745 1789 these
763 1766 888 1789 satehels:

240 1810 253 1819 ¹⁴
264 1806 386 1837 Aperiens
395 1807 449 1836 jam
462 1807 487 1830 S.
499 1807 605 1830 Fiachra
622 1811 708 1830 scetum
720 1815 790 1830 suam
803 1807 835 1830 ad
848 1807 889 1830 du-

239 1847 344 1871 cendum
369 1848 426 1871 inde
449 1847 539 1871 librum
561 1848 687 1879 baptismi,
710 1848 840 1871 brachium
864 1849 889 1872 S.

241 1889 366 1920 Comgalli
378 1890 403 1912 in
419 1889 502 1913 aerem
514 1897 613 1912 sursum
623 1890 744 1913 velociter
756 1889 891 1913 avolavit.‘’

240 1931 291 1954 Vit.
313 1931 336 1954 S.
356 1930 487 1961 Comgalli,
511 1938 531 1953 c.
552 1938 592 1960 50.
620 1930 755 1961 (Fleming,
777 1930 889 1959 Collect,

238 1979 262 2002 p.
279 1979 323 2001 3¹3
339 1972 376 2002 a.)
412 1971 475 1994 This
487 1971 538 1994 last
550 1979 658 2002 passage
674 1972 694 1994 is
713 1972 754 1994 the
772 1971 829 2002 only
846 1979 890 1995 au-

239 2012 335 2043 thority
356 2012 395 2035 sor
418 2012 460 2035 the
483 2012 553 2035 word
574 2013 598 2035 in
621 2013 662 2036 Du
685 2013 780 2043 Cange.
822 2013 846 2036 It
869 2013 890 2035 is

240 2053 338 2084 worthy
360 2054 387 2076 os
407 2054 490 2076 notice
509 2054 565 2077 that
586 2054 611 2076 in
631 2054 755 2084 Sulpicius
777 2054 891 2077 Severus’

241 2093 346 2117 Preface
363 2097 390 2117 to
407 2094 444 2117 his
464 2095 518 2118 Life
534 2094 562 2118 of
572 2095 608 2118 St.
625 2095 728 2123 Martia,
748 2094 830 2117 where
847 2095 890 2117 the

239 2134 340 2164 printed
356 2137 412 2158 text
422 2135 561 2162 reads‚-“
572 2136 695 2159 Libellum
707 2143 779 2167 quem
791 2136 821 2159 de
838 2136 891 2159 vita

242 2177 266 2199 S.
284 2175 389 2199 Martini
407 2176 558 2206 scripseram
581 2176 667 2200 scheda
692 2184 738 2200 sua
756 2178 891 2208 premere,'’

242 2217 334 2247 (Horn.
347 2224 369 2248 p.
385 2217 451 2247 483),
470 2217 512 2240 the
527 2217 599 2241 Book
612 2217 639 2241 of
651 2218 765 2249 Armagh
778 2225 835 2241 uses
847 2218 890 2241 the

774 994 782 1006 ³
794 995 981 1022 supramemorati
995 995 1023 1016 B.

1074 996 1082 1010 4
1094 996 1204 1024 eugenani
1215 996 1244 1017 A.

939 1073 1007 1088 more
1020 1065 1163 1096 significant
1175 1070 1238 1088 term
1251 1065 1331 1088 scetha
1344 1065 1397 1095 (fol.
1411 1073 1450 1096 ¹9¹
1465 1067 1518 1094 aa).
1546 1065 1591 1087 See

938 1107 981 1129 the
993 1107 1091 1129 carious
1110 1107 1219 1129 mention
1236 1106 1263 1129 of
1273 1108 1351 1136 mogo
1364 1106 1389 1128 in
1406 1106 1448 1128 the
1465 1105 1555 1135 legend
1567 1105 1595 1127 of

940 1147 1092 1177 Longaradh
1112 1147 1221 1177 (Todd's
1239 1147 1334 1169 Introd.
1352 1151 1378 1169 to
1392 1146 1461 1169 Book
1479 1146 1507 1169 of
1517 1146 1592 1169 obits

939 1188 966 1210 os
977 1188 1003 1211 C.
1017 1189 1053 1215 C„
1074 1196 1096 1218 p.
1107 1188 1194 1218 lxxi.);
1214 1189 1277 1210 from
1298 1188 1376 1210 which
1396 1188 1416 1210 it
1436 1195 1493 1218 may
1509 1187 1539 1210 be
1556 1187 1592 1210 iu-

938 1229 1022 1251 ferred
1039 1229 1095 1252 that
1114 1229 1172 1260 they
1192 1229 1252 1252 used
1272 1234 1298 1251 to
1317 1229 1347 1251 be
1366 1229 1434 1259 hung
1452 1236 1484 1259 up
1506 1229 1530 1251 in
1549 1228 1592 1251 the

938 1277 1041 1292 manner
1052 1270 1155 1299 already
1167 1270 1314 1292 mentioned.

970 1316 978 1326 ⁰
991 1310 1252 1341 Layinorum.—Frou1
1263 1312 1367 1340 Lmssen,
1385 1316 1390 1324 ·
1401 1310 1530 1333 Leinster)

969 1352 979 1367 ὁ
993 1351 1238 1382 Ιορεηαιιπιιη.-Τὴε
1261 1359 1332 1374 name
1355 1351 1383 1374 of
1404 1351 1471 1381 King
1492 1351 1592 1374 AEdan's

939 1400 990 1415 son.
1026 1393 1071 1415 See
1084 1393 1116 1415 iii.
1129 1400 1151 1421 5,
1166 1393 1239 1423 iufra.
1275 1392 1320 1414 We
1338 1395 1403 1415 meet
1412 1391 1558 1422 Euyenunus
1569 1392 1594 1414 in

938 1434 981 1457 the
996 1435 1042 1457 An.
1056 1434 1106 1456 Ult.
1121 1435 1174 1463 659,
1188 1434 1241 1464 ⁶9¹·
1254 1441 1307 1462 700.

970 1481 978 1491 ὃ
997 1474 1201 1498 Pictum—Here
1224 1482 1259 1497 we
1282 1475 1332 1497 find
1355 1482 1370 1497 a
1392 1474 1487 1497 Pietish
1513 1475 1593 1505 priest

939 1516 1017 1546 living
1029 1516 1054 1538 in
1071 1516 1194 1538 Leinster.
1228 1515 1367 1538 Dalaradia
1380 1522 1431 1538 was
1447 1515 1489 1538 the
1501 1523 1592 1546 proper

939 1558 1026 1588 region
1047 1557 1074 1579 of
1091 1557 1133 1580 the
1152 1557 1222 1580 Picts
1240 1557 1263 1579 in
1282 1557 1398 1583 Ireland;
1417 1564 1452 1579 we
1470 1564 1513 1579 are
1530 1556 1591 1583 told,

939 1599 1061 1626 however,
1080 1599 1107 1621 of
1124 1606 1155 1621 an
1174 1598 1243 1628 early
1263 1598 1408 1621 settlement
1431 1598 1459 1621 of
1477 1598 1545 1621 Picts
1567 1598 1592 1620 in

940 1639 1102 1670 Breghmagh
1114 1640 1138 1662 iu
1157 1639 1250 1663 Meath.
1286 1639 1417 1668 (Keating.
1433 1638 1499 1661 Hist.
1514 1638 1561 1661 vol.
1575 1639 1590 1662 ἰ.

939 1689 962 1712 p.
981 1682 1032 1711 318v
1053 1681 1090 1704 ed.
1111 1680 1242 1711 Haliday.)
1279 1680 1405 1711 Eochuiylz
1427 1679 1544 1703 Iarlaithe
1565 1687 1590 1708 ῃ]

939 1723 1063 1752 Cpmt'me
1086 1723 1172 1745 mroh]
1198 1722 1255 1753 [rex
1278 1722 1407 1745 Pictorum
1430 1721 1590 1751 luidensium]

940 1768 1045 1786 mortuus
1056 1768 1098 1786 est.
1133 1764 1199 1793 Tigh
1220 1764 1274 1786 666.

974 1806 982 1820 s
991 1804 1213 1828 Carmanis—See
1222 1808 1281 1827 note
1289 1805 1306 1831 ¹¹,
1317 1804 1358 1827 Pr.
1371 1812 1378 1826 1
1389 1804 1424 1834 (p.
1435 1805 1461 1832 4)
1469 1812 1551 1834 supra.

971 1852 981 1867 ἕ
993 1846 1333 1876 Corrumpipoluere.—This
1344 1845 1423 1867 virtue
1435 1845 1463 1867 of
1472 1844 1593 1874 resisting

940 1887 982 1910 the
994 1887 1114 1910 influence
1127 1887 1154 1909 of
1164 1890 1243 1910 water
1256 1894 1314 1913 was,
1329 1886 1453 1911 however,
1468 1885 1592 1915 supposed

939 1931 966 1951 to
979 1928 1059 1950 reside
1070 1928 1199 1958 generally
1212 1928 1237 1950 in
1249 1927 1291 1950 the
1305 1927 1419 1957 writings
1432 1926 1459 1949 of
1469 1927 1510 1949 the
1522 1926 1592 1956 early

940 1970 1005 1993 Irish
1023 1970 1112 1996 saints,
1132 1969 1181 1992 and
1199 1968 1294 1991 formed
1313 1976 1358 1991 one
1377 1968 1403 1990 of
1413 1968 1455 1990 the
1472 1967 1591 1997 standing

940 2010 1051 2041 subjects
1064 2010 1101 2033 for
1114 2010 1217 2041 legends
1233 2010 1257 2032 in
1273 2010 1315 2032 the
1333 2009 1467 2039 eompiling
1485 2008 1512 2031 of
1526 2008 1592 2031 their

940 2052 1022 2076 Lives.
1052 2052 1131 2079 Thus,
1146 2052 1182 2075 St.
1195 2052 1310 2074 Kiaran's
1323 2058 1385 2081 copy
1395 2050 1423 2073 of
1431 2051 1472 2073 the
1485 2050 1592 2080 Gospels

938 2094 981 2116 fell
994 2094 1046 2116 into
1058 2101 1074 2116 a
1085 2093 1150 2120 lake,
1170 2093 1219 2116 and
1231 2092 1358 2116 remaiued
1371 2092 1441 2114 there
1454 2091 1492 2114 till
1507 2091 1527 2114 it
1539 2098 1590 2114 was

938 2134 1050 2165 brought
1067 2138 1111 2157 out
1128 2133 1267 2164 uninjured,
1289 2132 1412 2162 adhering
1431 2135 1457 2154 to
1475 2131 1517 2154 the
1537 2131 1591 2154 soot

939 2175 967 2198 of
976 2183 991 2199 a
1003 2183 1062 2203 cowy
1082 2175 1161 2198 which
1174 2179 1240 2198 went
1251 2175 1276 2197 in
1296 2177 1323 2197 to
1335 2174 1388 2197 cool
1407 2172 1502 2196 herself
1516 2172 1589 2202 (Cod.

939 2216 1034 2240 Max-sb.
1047 2216 1089 2240 fol.
1105 2223 1145 2245 147
1159 2216 1213 2246 αα).
1243 2216 1279 2239 St.
1293 2215 1412 2238 Cronan’s
1430 2213 1536 2244 Gospels
1548 2213 1591 2236 fell
