1850 2692
252 315 311 334 eff.
326 306 387 342 44]

738 297 885 331 Auctore
901 296 1120 331 Adamnano.

1554 300 1596 343 85

250 393 362 424 lumbae
377 392 552 428 transitum,
568 395 700 423 testatus
711 396 776 422 est:
800 403 817 422 a
832 391 945 432 quibus
959 392 1025 422 haee
1041 402 1110 432 quae
1122 392 1160 423 de
1178 391 1291 423 Sancto
1307 401 1399 432 supra
1409 392 1600 423 narravimus

250 444 461 475 indubitanter
475 443 648 474 didicimus.

710 565 767 590 ¹nE
792 569 951 590 cnoNANO
975 564 1157 591 Erxscorofl.

314 633 420 662 2Αωο
444 632 490 662 ³in
509 637 656 672 tempore,
682 631 807 672 quidam
829 631 868 662 de
888 630 1148 663 ‘'Muminensium
1164 632 1333 673 provinciah
1354 633 1539 674 proselytusc
1561 634 1599 664 ad

253 685 401 716 Sanctum
424 683 510 714 venit
522 695 530 719 ;
553 683 607 723 qui
623 694 654 714 se
674 683 706 713 in
728 688 879 723 quantum
901 683 1004 723 potuit
1027 684 1218 715 ⁵oecultabat
1232 684 1400 723 humiliter,
1424 689 1475 715 5ut
1497 685 1600 715 nullus

250 735 342 766 sciret
357 735 441 775 quod
456 739 536 765 esset
550 734 710 775 episeopus
724 745 732 764 ι
755 734 808 764 sed
823 738 927 764 tamen
941 734 1090 765 Sanctum
1105 734 1164 765 hoc
1178 746 1241 765 non
1256 735 1359 776 potuit
1373 735 1480 766 latere.
1517 736 1601 766 Nam

250 786 309 816 alia
323 786 372 816 die
383 785 546 816 Dominica
561 797 578 816 a
591 785 703 817 Sancto
714 785 833 826 jussusd
850 785 968 816 Christi
984 796 1093 826 corpus
1109 797 1147 817 ex
1162 798 1246 818 more
1261 787 1432 825 conficere&
1452 788 1600 819 Sanctum

250 837 405 873 ⁷advooat‚
412 841 447 867 ut
454 835 554 872 simul,
566 837 652 878 quasi
665 837 726 868 duo
738 836 919 878 presbyteri,
928 836 1126 868 Dominicum
1138 849 1247 878 panem
1258 838 1446 880 frangerent.
1469 839 1600 870 Sanctus·

252 888 378 928 proinde
393 888 433 918 ad
448 887 590 918 altarium
606 887 763 925 accedens,
775 892 902 929 repente
917 887 1048 919 intuitus
1060 889 1169 921 faeiem
1188 890 1264 930 ejus,
1282 890 1325 921 sic
1340 902 1410 921 eum
1425 890 1600 931 compellat,

300 981 305 995 ¹
317 979 376 1001 titul.
394 987 435 1001 om.
455 977 480 1001 C.
494 979 521 1000 D.
535 979 559 1001 F.
573 979 596 1001 S.
615 978 673 1001 Bon.

247 1012 336 1038 partem
347 1011 362 1032 i.
379 1016 406 1038 15
418 1008 522 1039 efficiunt.
588 1010 597 1024 ³
608 1017 649 1033 om.
663 1010 691 1032 D.

283 1091 294 1102 ¹
309 1089 421 1113 Cromna
447 1088 721 1120 episcopo.—Possibly
745 1088 787 1111 the
809 1088 903 1118 Bishop

251 1131 358 1158 Gronau,
369 1130 448 1153 whom
457 1130 554 1160 Colgan
565 1130 660 1153 notices
673 1134 700 1153 at
713 1129 770 1152 Feb.
784 1138 805 1161 9,
820 1129 870 1152 and
879 1129 907 1152 of

251 1170 334 1194 whose
349 1171 457 1202 identity
468 1171 529 1194 with
541 1171 584 1194 the
599 1171 697 1201 subject
709 1171 737 1193 of
746 1171 788 1194 the
800 1174 904 1201 present

251 1213 372 1236 anecdote
382 1213 413 1235 he
423 1213 469 1236 has
482 1219 514 1236 no
526 1213 610 1236 doubt.
645 1213 757 1242 Ouonun
774 1219 799 1235 m
817 1218 902 1236 eccno

251 1261 276 1277 un
289 1252 385 1283 Oenub
397 1254 520 1278 muman.
541 1254 582 1283 Gr
593 1258 627 1278 oo
639 1254 694 1283 nob
708 1260 776 1277 amm
790 1254 901 1283 Cnonon

250 1300 311 1319 moe
343 1295 526 1324 Nechremon,
556 1299 562 1309 ‘
575 1295 714 1324 Cumana-³,
743 1295 849 1326 sapiens,
877 1295 902 1317 in

252 1336 334 1359 Desiis
353 1336 491 1364 Momoniae,
515 1339 553 1360 est
577 1337 618 1367 qui
639 1341 666 1360 et
683 1337 814 1359 Cronanus
836 1335 902 1359 filius

252 1378 426 1401 Nethsemonis
451 1378 598 1401 dioitur.¹-——
608 1378 671 1401 Mar.
691 1378 776 1401 Gorm.
799 1378 857 1401 Feb.
880 1386 902 1408 9.

252 1423 266 1432 ⁴¹
278 1420 460 1443 Mochuaroeus
480 1420 584 1450 Sapiens
602 1420 628 1442 in
649 1419 752 1450 regione
770 1420 902 1443 Desiorum

251 1461 370 1491 quiescit:
389 1461 431 1491 qui
449 1464 475 1484 et
492 1460 622 1484 Cronanus
642 1460 706 1483 filius
728 1459 902 1483 Nethsemonis

251 1503 351 1526 dicitur.
385 1503 498 1527 Vocatur
510 1503 693 1526 Moehuarocus
705 1503 735 1526 de
751 1503 829 1531 Nona,
846 1503 902 1526 ideo

251 1543 316 1574 quod
322 1543 354 1567 sit
362 1544 455 1574 primus
465 1544 505 1574 qui
514 1545 613 1567 curavit
621 1544 810 1567 celebrationem
818 1545 902 1568 Missae

250 1585 304 1607 fieri
317 1585 426 1613 seorsim,
439 1593 494 1616 quae
510 1592 565 1608 cum
584 1586 662 1609 media
672 1586 744 1609 Nona
759 1586 825 1617 apud
837 1587 903 1609 anti-

251 1633 311 1656 quos
324 1626 522 1649 eelebrabatur.''
553 1626 635 1657 (Colg.
650 1626 707 1650 Act.
722 1627 764 1650 SS.
778 1634 802 1657 p.
818 1628 884 1657 302.)

283 1666 292 1680 b
301 1664 484 1689 Muminensium
492 1667 731 1697 provincia—Thai:
740 1667 768 1694 is,
777 1666 899 1690 Munster.

252 1706 277 1728 lf
286 1706 328 1729 the
342 1707 460 1729 citations
476 1707 502 1729 in
513 1707 556 1730 the
570 1707 621 1731 last
635 1712 695 1731 note
711 1707 786 1739 apply
798 1711 826 1731 to
840 1707 898 1734 him.

251 1748 280 1769 he
297 1747 420 1778 belonged
434 1751 462 1771 to
478 1748 536 1771 that
552 1752 611 1779 part
621 1749 648 1771 of
657 1749 699 1771 the
711 1750 828 1779 province
845 1757 900 1772 now

251 1789 331 1812 called
343 1789 442 1817 Decies,
452 1790 477 1812 in
489 1790 532 1813 the
544 1794 636 1821 county
649 1790 676 1813 of
686 1791 842 1814 waterford.

283 1835 291 1845 Ε
303 1829 529 1860 Proselytus.-.or.
537 1832 688 1862 pereqrinus,
702 1839 730 1854 as
743 1835 770 1855 at
781 1832 824 1855 the
836 1832 902 1855 close

251 1870 279 1892 os
288 1870 329 1893 the
341 1870 453 1901 chapter.
490 1871 535 1895 See
548 1871 623 1895 Praef.
638 1879 657 1900 2,
671 1873 685 1895 i.
700 1873 735 1901 26,
750 1879 786 1902 30,
802 1880 838 1902 32.

281 1912 291 1926 ¹¹
302 1910 561 1935 Jussus.-—¹Invited.¹
596 1915 609 1926 ‘⁴
619 1913 734 1936 Another
749 1914 863 1936 instance
878 1914 906 1936 of

251 1952 394 1983 customary
416 1956 526 1983 respect,
555 1952 635 1976 which
657 1954 700 1977 the
727 1954 814 1985 clergy
837 1961 902 1977 were

251 1991 350 2022 obliged
361 1995 389 2015 to
400 1992 468 2015 show
477 1996 504 2016 to
513 2000 558 2016 oue
570 1993 682 2021 another,
696 2001 753 2022 was,
767 1995 823 2018 that
833 1995 902 2018 when

252 2039 299 2062 any
319 2032 406 2063 bisbop
426 2041 454 2056 or
474 2034 608 2065 presbyter
631 2043 701 2058 carne
720 2038 746 2058 to
766 2043 781 2059 a
804 2036 902 2066 foreign

252 2072 351 2099 cliui-ch,
363 2073 422 2104 they
431 2081 496 2096 were
508 2077 534 2097 to
544 2074 574 2097 be
586 2075 776 2105 complimented
789 2076 848 2098 with
861 2076 902 2099 the

252 2113 377 2144 honorary
386 2114 508 2145 privilege
517 2115 544 2137 of
554 2115 709 2147 performing
718 2116 801 2139 divine
811 2117 900 2143 offices.

252 2153 301 2176 and
311 2155 486 2185 consecrating
497 2155 539 2178 the
548 2156 683 2179 Eucharist
694 2157 719 2179 in
731 2157 773 2180 the
786 2157 903 2181 church.'’

252 2194 417 2225 —Bingham,
427 2195 498 2226 Orig.
509 2195 602 2219 Eecles.
614 2205 635 2219 v.
649 2205 667 2225 1,
681 2206 701 2220 z.
723 2199 806 2228 (Wks.
820 2199 899 2222 vol.ii.

773 981 782 994 ’ἒ
795 979 830 1000 hic
847 982 969 1007 sequuntur
985 979 1009 1001 in
1027 979 1052 1002 C.
1067 980 1095 1001 D.
1109 980 1132 1002 F.
1146 980 1169 1003 S.
1187 981 1209 1002 ii.
1228 988 1264 1010 29,
1285 988 1321 1010 30.
1340 981 1405 1010 hujus
1422 983 1563 1007 recensionis,
1581 987 1600 1004 et

756 1013 765 1024 ⁴
777 1011 947 1032 meminensium
960 1009 986 1033 C.
1218 1010 1223 1012 “

1050 1012 1060 1025 ⁵
1071 1019 1112 1033 om*
1125 1012 1149 1034 C.
1213 1013 1223 1025 ⁰
1234 1013 1294 1041 quod
1306 1012 1332 1035 C.
1396 1014 1405 1028 ⁷
1416 1017 1526 1035 convocat
1538 1014 1568 1035 D.

952 1096 977 1119 p.
992 1096 1014 1118 3,
1029 1089 1074 1112 Ed.
1088 1090 1166 1113 Lond.
1182 1091 1260 1121 1840)
1295 1091 1348 1114 The
1364 1091 1468 1114 Council
1485 1092 1512 1114 of
1529 1092 1602 1115 Arles

952 1130 1098 1160 prescribed
1111 1133 1124 1144 ⁶*
1134 1135 1161 1154 ut
1173 1132 1307 1162 peregrino
1319 1132 1435 1162 episcopo
1446 1132 1514 1155 loc-us
1527 1133 1604 1156 sacri-

952 1170 1044 1193 fieandi
1056 1171 1130 1194 detur
1139 1173 1158 1200 3¹¹
1176 1172 1226 1195 and
1238 1172 1280 1195 the
1293 1172 1377 1195 fourth
1390 1173 1493 1196 Couneil
1505 1173 1533 1196 os
1540 1174 1601 1197 Car-

952 1211 1036 1242 thage,
1056 1212 1116 1235 “Ut
1135 1213 1244 1244 episcopi
1262 1214 1301 1236 vel
1320 1214 1470 1245 presbyteri,
1487 1215 1507 1237 si
1527 1222 1603 1238 causa

952 1252 1060 1276 visendae
1069 1253 1181 1277 ecelesiae
1190 1254 1293 1277 alterius
1305 1255 1422 1285 episcopi,
1433 1255 1464 1278 ad
1473 1255 1604 1279 ecelesiam

951 1293 1072 1322 venerint,
1085 1297 1111 1317 et
1126 1295 1151 1316 in
1165 1294 1248 1325 gradu
1264 1302 1308 1318 suo
1323 1295 1502 1326 suscipiantur,
1513 1298 1603 1319 ettam

951 1335 984 1358 ad
1004 1335 1108 1358 verbum
1130 1336 1280 1364 faciendum,
1304 1344 1378 1367 quam
1398 1337 1430 1359 ad
1453 1337 1604 1361 oblationem

951 1377 1148 1400 consecrandam
1159 1377 1322 1401 invitentur.'’
1350 1378 1441 1408 (lbid.)

982 1422 991 1433 θ
1006 1417 1251 1448 Corficere.—ThuS.
1273 1422 1290 1432 “
1303 1419 1406 1441 audiens
1428 1419 1603 1450 presbyterum

952 1465 1026 1482 sacra.
1044 1459 1211 1483 Eucharistiae
1231 1460 1352 1490 mysteria
1374 1460 1603 1484 conficientem.’·—

950 1500 965 1523 i.
975 1508 1012 1529 40,
1022 1508 1103 1531 snpra.
1122 1502 1167 1524 See
1176 1501 1208 1524 iii.
1223 1509 1257 1530 17,
1270 1502 1345 1532 infra.
1366 1502 1603 1533 “Dominicicorpo-

951 1542 985 1564 ris
993 1542 1101 1565 hostiam
1110 1543 1179 1572 puris
1188 1542 1334 1566 conficiebat
1345 1543 1567 1568 manibus.''-Vit.
1577 1546 1601 1567 S.

952 1583 1041 1606 David.
1054 1591 1075 1606 e.
1092 1591 1127 1613 13·
1157 1584 1241 1614 (Colg.
1256 1585 1315 1608 Act.
1330 1585 1372 1608 SS.
1390 1593 1412 1615 p.
1426 1592 1470 1613 427
1481 1593 1508 1612 ας
1530 1586 1604 1609 Lives

951 1624 1139 1647 Cambro-ssrn.
1154 1626 1196 1648 SS.
1215 1633 1237 1655 p.
1254 1626 1318 1656 129.)
1364 1626 1409 1648 We
1430 1626 1480 1649 find
1498 1627 1540 1649 the
1561 1635 1602 1649 ex-

951 1666 1065 1696 pression
1087 1669 1115 1689 at
1136 1673 1198 1689 even
1220 1673 1251 1689 an
1274 1666 1365 1689 earlier
1383 1667 1459 1690 date:
1483 1668 1603 1691 “Christi

950 1714 1042 1738 corpus
1057 1715 1131 1731 sacro
1147 1715 1190 1731 ore
1206 1708 1500 1732 conficiunt.''—Hi=÷ron.
1516 1709 1559 1739 Ep.
1573 1710 1605 1732 ad

952 1748 1120 1771 Heliodorum.
1140 1749 1220 1779 (Opp.
1235 1752 1296 1772 tom.
1308 1749 1321 1772 i.
1335 1757 1357 1779 p.
1372 1757 1409 1779 33,
1422 1749 1466 1772 Ed.
1480 1750 1604 1778 Vallars.)

952 1791 966 1802 ⁴⁴
977 1789 1017 1812 Ad
1030 1797 1134 1820 quorum
1146 1797 1233 1820 preces
1246 1790 1341 1813 Christi
1353 1798 1443 1821 corpus
1455 1791 1605 1821 sanguisque

951 1831 1176 1854 eonficitur.”-Id.
1195 1831 1240 1862 Ep.
1260 1831 1293 1854 ad
1314 1831 1477 1862 Evangelum.
1506 1832 1557 1862 (ΙΙΙ.
1579 1840 1602 1862 p.

954 1872 1033 1902 1075.)
1063 1872 1273 1895 “consecramus
1293 1875 1319 1895 et
1336 1872 1521 1895 sanctificamus
1541 1873 1604 1895 hanc

951 1916 1068 1944 patenam
1091 1913 1122 1936 ad
1142 1914 1322 1937 conficiendum
1340 1914 1365 1936 in
1385 1921 1414 1937 ea
1440 1922 1530 1944 corpus
1554 1914 1604 1937 Do-

952 1955 1011 1977 mini
1033 1955 1113 1978 nostri
1131 1955 1193 1978 Jesu
1214 1955 1468 1979 Christi.¹⁷——Missalo
1486 1956 1605 1978 Francor.

952 1995 1099 2024 (Muratori,
1125 1995 1155 2018 de
1173 1996 1234 2019 Reb.
1257 1996 1358 2027 Liturg.
1380 1997 1446 2019 Diss.
1470 1997 1515 2019 col.
1543 1998 1605 2025 125.)

953 2036 1008 2058 The
1024 2036 1116 2059 second
1129 2037 1233 2060 Couucil
1251 2037 1278 2060 of
1293 2037 1390 2065 Seville,
1408 2038 1433 2060 in
1450 2038 1505 2068 619,
1523 2037 1605 2068 prohi-

951 2077 1021 2100 bited
1041 2078 1142 2108 priests,
1163 2078 1188 2101 in
1206 2079 1249 2101 the
1268 2086 1387 2109 presence
1405 2079 1433 2101 of
1447 2079 1489 2101 the
1507 2078 1602 2108 bishop.

953 2121 1163 2142 “sacramentum
1184 2121 1297 2150 corporis
1316 2124 1342 2142 et
1362 2120 1490 2150 sanguinis
1510 2119 1606 2142 Christi

952 2160 1086 2182 conficere''
1106 2161 1171 2189 (can.
1186 2162 1227 2190 7);
1246 2160 1291 2183 but
1307 2161 1349 2183 the
1365 2160 1468 2191 general
1485 2167 1563 2190 usage
1579 2160 1608 2182 of

952 2201 993 2223 the
1006 2204 1114 2224 western
1130 2201 1258 2224 Churches
1276 2209 1326 2224 was
1345 2204 1394 2224 “ut
1409 2201 1433 2223 in
1451 2201 1604 2224 consec-tione
