1850 2692
287 308 297 328 1
309 307 350 329 22
757 294 834 329 Vita
853 294 970 330 Sancti
991 295 1157 330 Columbae

1507 305 1576 343 [Llss.
1595 315 1623 333 11.

279 390 392 421 deserit
414 390 592 427 mensulam,
611 394 759 430 ¹⁵unoque
780 390 836 420 ²⁶in
851 390 928 430 pede
943 390 1112 420 inhaerente
1126 390 1237 426 calceo,
1261 395 1293 421 et
1312 390 1407 421 altero
1431 395 1510 431 ¹⁷pro
1532 391 1626 422 nimia

278 441 473 472 festinat-ione
496 441 613 477 relicto,
637 441 818 471 festinanter
842 440 1040 481 18pergithae
1062 450 1132 470 cum
1148 450 1222 470 voce
1238 439 1277 469 ad
1296 439 1462 475 ecelesiam,
1483 440 1558 470 Non
1579 446 1626 471 est

279 492 366 523 nobis
387 503 469 522 nunc
492 491 662 532 ¹⁹temp0ris
684 491 832 531 prandere
847 491 970 530 quando
993 490 1024 520 in
1045 490 1121 520 mari
1142 490 1334 530 periclitatur
1352 490 1438 521 navis
1453 490 1550 522 sancti
1565 491 1627 522 Co-

279 543 400 574 lumbae.
446 543 517 573 Hoc
532 543 613 573 enim
628 547 794 577 momento,
818 542 883 582 ipse
900 541 1019 581 2⁰hujus
1034 552 1146 572 nomen
1162 541 1324 572 Cainniohi
1339 541 1530 582 ingeminans
1545 552 1627 573 com—

280 599 438 629 memorat,
463 598 499 623 ut
523 604 577 633 pro
601 604 636 623 eo
658 598 689 623 et
705 592 792 623 sociis
815 591 1059 632 periclitantibus
1074 591 1263 622 2¹Christum
1278 596 1419 622 ²²exoret.
1464 591 1542 622 Post
1563 592 1627 622 haec

279 644 361 674 illius
377 645 469 675 verba
484 644 648 674 oratorium
664 643 828 684 ingressus,
849 643 935 673 flexis
955 642 1085 683 genibus
1101 642 1254 683 paulisper
1275 643 1391 678 oravit3
1415 642 1543 683 ejusque
1562 653 1627 673 ora-

280 696 393 726 tionem
409 695 590 725 exaudiente
602 695 743 729 Domino,
760 694 840 725 illico
857 699 1021 734 tempestas
1037 693 1176 729 cessavit,
1190 698 1221 724 et
1230 704 1312 724 mare
1324 693 1412 724 valde
1425 693 1627 733 tranquillum

279 745 394 776 factum
410 750 466 775 est.
503 745 586 775 Tum
602 745 712 775 deinde
728 749 850 775 sanetus
866 744 1028 780 Columba,
1047 743 1209 775 Cainnichi
1226 745 1265 774 ad
1280 744 1438 774 ecclesiam
1460 748 1628 785 2³pr0pera-

279 797 393 827 tionem
408 797 440 826 'm
455 796 564 836 spiritu
579 796 696 832 videns,
711 795 881 836 quamlibet
896 795 987 835 longe
1000 796 1218 833 conversantis,
1233 795 1413 826 mirabiliter
1423 796 1482 826 hoo
1497 796 1535 826 de
1550 806 1627 836 puro

280 853 402 888 pectore
425 848 541 888 profert
561 849 700 884 verbum,
726 848 839 882 dicens,
865 847 960 877 Nune
989 847 1129 888 cognovi,
1155 848 1184 879 O
1209 847 1413 883 ²³Cainniohe‚
1438 847 1521 887 quod
1539 847 1627 878 Deus

279 906 365 930 tuam
380 899 550 930 exaudierit
565 910 704 940 preoem3
728 909 809 929 nune
831 899 921 929 valde
945 899 1031 929 nobis
1055 899 1177 939 proficit
1200 904 1272 929 tuus
1294 899 1333 929 ad
1359 898 1515 929 ecclesiam
1538 898 1627 929 velox

279 962 349 981 cum
365 962 425 981 uno
441 951 646 981 calceamento
663 956 791 980 oursuse.
837 949 876 979 In
891 949 950 980 hoo
969 950 1073 990 itaque
1088 950 1143 981 tali
1158 950 1305 981 miraculo
1320 951 1489 986 amborum,
1509 955 1545 980 ut
1565 960 1628 980 cre-

279 1004 390 1041 dimus,
406 1004 502 1035 oratio
517 1009 678 1044 cooperata.
692 1009 740 1035 est
758 1004 951 1035 Sanctorum.

327 1108 345 1122 ¹⁵
355 1107 378 1127 in
391 1113 434 1127 uno
446 1106 471 1129 C>
482 1106 510 1128 D.
584 1106 602 1121 ¹⁶
613 1114 654 1128 om.
668 1106 694 1127 Β.

279 1140 295 1153 2¹
309 1145 350 1159 om.
364 1138 389 1160 C.
398 1138 428 1160 D.
493 1139 512 1154 2⁸²
523 1140 595 1159 oraret
608 1138 634 1158 D.

745 1107 762 1122 ¹⁷
773 1113 818 1133 prae
831 1106 855 1128 C.

280 1216 375 1242 bread‚'
392 1215 496 1238 distinct
513 1215 577 1237 from
594 1215 636 1238 the
652 1215 794 1238 Eucharist.
831 1216 877 1238 See
893 1215 925 1238 IS.

280 1257 420 1283 Casaubom
441 1256 550 1279 Exercit.
570 1256 619 1278 xvi.
638 1263 662 1286 p.
678 1263 723 1285 374
737 1256 787 1286 (ed.
809 1256 925 1278 Francos.

284 1298 362 1326 1615).
396 1297 450 1320 The
469 1296 574 1327 euloyiae,
590 1296 667 1319 which
683 1303 746 1318 were
764 1296 882 1326 offeriugs
900 1303 929 1319 οι·

280 1338 412 1365 oblations,
434 1346 498 1361 were
521 1338 644 1368 supposed
665 1342 691 1361 to
709 1338 738 1361 be
757 1338 879 1361 hallowed
897 1338 929 1369 by

279 1387 378 1410 prayer,
395 1379 444 1412 and
461 1379 525 1402 from
543 1379 610 1402 thom
628 1379 669 1401 the
686 1379 764 1402 bread
782 1387 833 1402 was
852 1379 929 1402 taken

279 1420 319 1443 for
336 1421 509 1444 cousecration
528 1421 551 1442 in
565 1420 607 1443 the
625 1420 767 1443 Eucharist.
802 1420 838 1443 Of
853 1420 928 1445 them,

280 1462 339 1489 also,
355 1469 428 1492 many
441 1461 495 1483 who
509 1469 572 1483 were
589 1464 631 1483 not
646 1460 765 1491 disposed
779 1468 807 1483 or
823 1460 928 1483 allowed

280 1506 307 1525 to
326 1502 505 1525 communicate
523 1509 587 1524 were
600 1502 624 1523 in
638 1501 679 1524 the
697 1501 767 1524 habit
784 1501 811 1524 of
825 1500 929 1531 partali-

280 1544 331 1574 ing.
364 1543 433 1565 Thus
453 1543 495 1565 the
511 1542 613 1565 Couneil
631 1542 659 1565 of
674 1542 777 1570 Nautes,
797 1542 854 1565 cire.
873 1542 926 1571 658,

280 1583 436 1614 prescribed:
452 1588 469 1596 ‘⁸
478 1584 568 1606 Partes
581 1583 672 1606 incisas
684 1583 776 1606 habeat
787 1583 811 1605 in
823 1590 882 1606 vase
894 1583 930 1606 ni-

281 1625 343 1651 tido,
360 1628 389 1648 ut
404 1628 462 1655 post
477 1625 608 1647 missarum
626 1624 753 1650 solemnia,
768 1624 809 1654 qui
824 1631 930 1647 commu-

282 1666 366 1688 nicare
392 1673 439 1688 non
462 1665 564 1687 fuerunt
586 1665 644 1691 rati,
668 1664 779 1694 eulogias
803 1664 867 1687 omni
891 1664 929 1687 die

283 1707 412 1730 Dominieo
429 1709 455 1728 et
467 1706 491 1728 in
504 1705 590 1727 diebus
602 1705 674 1728 festis
690 1704 779 1727 exinde
795 1705 928 1735 accipiant,

282 1750 308 1770 et
325 1747 376 1773 illa,
396 1746 459 1769 unde
476 1746 587 1776 eulogias
605 1746 737 1776 presbyter
757 1746 862 1768 daturus
883 1748 928 1773 est,

282 1791 340 1812 ante
351 1788 376 1810 in
387 1787 440 1810 haec
452 1786 528 1809 verba
539 1786 678 1809 benedicat.
703 1786 799 1809 Oratio.
826 1786 929 1808 Domine

284 1830 375 1852 Sancte
388 1828 464 1850 Pater
481 1827 643 1857 omnipotens,
659 1830 751 1850 aeterne
764 1827 839 1853 Deus,
856 1826 929 1849 bene-

283 1869 366 1892 dicere
379 1868 490 1899 digneris
503 1868 567 1890 huno
579 1875 666 1898 panem
679 1870 724 1890 tua
739 1870 828 1890 sancta
841 1870 866 1890 et
879 1867 929 1898 spi-

282 1910 367 1933 rituali
374 1909 551 1935 benedictione,
562 1911 589 1931 ut
600 1909 632 1931 sit
641 1908 752 1931 omnibus
762 1908 828 1931 salus
840 1908 929 1931 mentis

282 1954 308 1974 et
319 1950 436 1980 corporis,
450 1953 524 1979 atque
535 1952 623 1972 contra
634 1956 717 1971 omnes
729 1949 827 1971 morbos
839 1951 864 1971 et
876 1949 929 1971 uni-

283 1999 368 2015 versas
389 1990 542 2013 inimieorum
563 1989 666 2012 insidias
689 1992 862 2017 tutamentum,
885 1997 929 2020 per

282 2032 406 2055 dominum
413 2034 525 2053 nostrum
534 2031 618 2053 Jesum
628 2031 755 2053 Christum
765 2030 841 2053 filium
850 2033 927 2057 tuum,

282 2080 369 2104 panem
379 2072 437 2095 vitae
449 2072 490 2102 qui
500 2071 529 2094 de
541 2071 603 2094 ccelo
615 2071 751 2097 descendit,
761 2074 787 2094 et
798 2071 842 2094 dat
852 2071 929 2094 vitam

282 2118 308 2136 et
323 2113 429 2136 salutem
449 2112 539 2135 mundo
557 2115 583 2135 et
601 2116 683 2135 tecum
697 2112 760 2134 vivit
776 2115 802 2134 et
818 2113 930 2142 regnat‚''

282 2156 323 2177 Sic.
342 2153 493 2184 fflardouin,
502 2153 594 2176 Concil.
605 2156 662 2175 tom.
672 2152 703 2175 vi.
714 2155 772 2182 part
782 2152 796 2175 i.
809 2152 854 2175 col.
863 2152 930 2182 459.)

283 2196 328 2218 See
348 2194 401 2218 also
419 2193 455 2217 Le
468 2193 544 2223 Brun,
563 2193 705 2224 Explicatio
725 2193 817 2221 Missae,
838 2196 897 2216 tom.
911 2193 926 2215 i.

913 1106 931 1121 ¹8
943 1107 1042 1133 pen-exit
1055 1107 1082 1128 D.

700 1138 719 1153 2³
730 1137 917 1165 praeparationem
929 1137 954 1159 C.

1149 1108 1167 1123 1⁹
1179 1110 1266 1135 tempus
1278 1107 1303 1129 C.
1367 1108 1387 1122 20
1397 1107 1444 1135 ejus
1456 1107 1481 1128 B.
1511 1113 1550 1128 om.
1562 1106 1587 1128 C.
1600 1107 1625 1127 D.

1019 1139 1036 1154 Ἡ
1048 1138 1167 1160 cainueche
1179 1138 1205 1161 B.
1239 1138 1370 1160 cahinniche
1382 1138 1408 1160 C.

977 1223 999 1246 p.
1013 1223 1068 1245 141;
1083 1216 1203 1246 Ducange
1214 1217 1238 1238 z'n
1250 1224 1298 1240 voc.
1313 1224 1336 1240 n.
1348 1224 1370 1238 2.
1405 1216 1460 1238 The
1473 1215 1535 1239 Rule
1547 1215 1575 1238 of
1586 1216 1623 1238 St.

978 1256 1145 1280 Columbanus
1158 1257 1264 1280 directs:
1281 1261 1297 1270 ⁴‘
1306 1257 1423 1287 Eulogias
1435 1257 1574 1279 immundus
1586 1264 1626 1279 ac-

977 1297 1078 1327 cipienS,
1095 1297 1224 1319 duodecim
1242 1297 1517 1328 percussionil)u5.”—e.
1532 1305 1547 1325 4
1559 1297 1626 1326 (Fle-

977 1338 1052 1367 ming,
1062 1337 1198 1360 Collectan.
1207 1345 1246 1368 pp.
1259 1345 1287 1359 20
1295 1337 1316 1364 h,
1332 1338 1403 1367 2911).
1430 1337 1457 1360 In
1466 1337 1515 1359 like
1525 1344 1626 1360 manner

978 1378 1019 1401 the
1032 1378 1095 1401 Rule
1115 1378 1142 1400 of
1158 1378 1196 1401 Sty
1210 1378 1344 1400 Benediet:
1360 1380 1372 1390 ¹¹
1384 1377 1533 1400 Nullatenus
1551 1378 1626 1400 licoat

978 1419 1097 1441 monacho
1107 1426 1151 1441 nec
1163 1426 1178 1441 a
1189 1418 1335 1448 parentibus
1349 1418 1406 1445 suis,
1423 1426 1466 1441 nec
1477 1426 1491 1441 a
1503 1426 1625 1448 quoquam

977 1459 1110 1486 hominum,
1122 1467 1166 1482 nec
1179 1459 1225 1482 sibi
1237 1459 1342 1482 invicem
1351 1459 1446 1485 literas,
1460 1462 1504 1482 aut
1513 1459 1624 1489 Eulogia,

979 1500 1017 1523 vel
1027 1500 1144 1530 quaelibet
1156 1499 1301 1522 munuscula
1312 1500 1425 1529 accipere
1438 1503 1481 1522 aut
1494 1500 1562 1526 dare,
1575 1500 1626 1522 sine

978 1545 1105 1571 przeeepto
1123 1541 1231 1564 Abhatis
1251 1541 1398 1571 sui.''—cap.
1416 1548 1447 1570 54
1464 1541 1542 1570 (Nov.
1562 1540 1626 1563 Bibly

978 1583 1035 1606 Vet.
1046 1582 1117 1605 Patr.
1128 1585 1186 1604 tom.
1196 1582 1211 1604 i.
1225 1590 1246 1612 p.
1258 1589 1312 1610 701,
1327 1582 1384 1604 Par.
1399 1581 1477 1612 1639).
1505 1581 1558 1604 The
1570 1589 1626 1612 pre-

979 1626 1034 1646 sent
1046 1630 1154 1652 passage
1172 1622 1252 1645 shows
1268 1622 1324 1645 that
1341 1623 1367 1644 in
1379 1623 1420 1645 the
1438 1622 1502 1645 Irish
1516 1622 1624 1648 Church,

978 1664 1003 1686 in
1019 1664 1055 1686 St.
1069 1662 1210 1686 Columba's
1228 1663 1295 1689 time,
1312 1663 1332 1685 it
1344 1671 1395 1685 was
1412 1663 1454 1686 the
1471 1663 1583 1693 practice
1600 1666 1626 1686 to

978 1704 1130 1735 participate
1142 1703 1320 1734 reverentially
1333 1704 1360 1726 of
1367 1704 1409 1727 the
1422 1704 1533 1734 Eulogiae
1546 1707 1573 1727 at
1585 1704 1626 1727 the

979 1747 1186 1768 eommencement
1204 1744 1230 1767 of
1240 1745 1281 1767 the
1299 1745 1429 1767 afternoon
1447 1745 1518 1771 meal,
1537 1745 1585 1768 and
1602 1745 1627 1768 in

978 1786 1020 1808 the
1038 1786 1170 1815 refectory.
1206 1785 1260 1808 The
1271 1785 1337 1808 later
1351 1786 1527 1816 manuscriptS,
1541 1789 1568 1809 to
1585 1794 1626 1809 ac-

978 1826 1133 1849 commodate
1143 1826 1185 1848 the
1192 1826 1304 1855 practice
1313 1829 1340 1849 to
1350 1834 1417 1849 more
1427 1826 1529 1849 modern
1541 1834 1627 1857 usage,

979 1867 1113 1890 substitute
1125 1868 1228 1890 oratorio
1236 1867 1274 1889 for
1286 1868 1419 1898 rofio-torio,
1431 1868 1476 1890 but
1485 1868 1509 1890 in
1517 1868 1626 1891 violence

978 1911 1004 1930 to
1017 1908 1058 1930 the
1071 1910 1178 1935 context,
1192 1907 1271 1930 which
1280 1907 1348 1936 adds,
1360 1908 1530 1931 “festinanter
1542 1909 1627 1939 pergit

978 1949 1024 1972 hac
1037 1957 1090 1972 cum
1105 1956 1163 1971 voce
1175 1948 1208 1971 ad
1218 1948 1346 1975 ecclesiam,
1361 1949 1417 1971 Non
1429 1952 1468 1971 est
1479 1949 1549 1972 nobis
1561 1957 1626 1972 nunc

978 1990 1097 2021 temporis
1106 1990 1232 2021 prandere.
1268 1990 1329 2012 Post
1340 1990 1393 2013 haec
1405 1990 1470 2012 illius
1483 1990 1560 2013 verba
1572 1998 1625 2013 ora—

978 2031 1062 2053 torium
1073 2030 1224 2060 ingressusfl

978 2071 1002 2093 in
1015 2070 1120 2094 another
1132 2078 1202 2093 sense
1215 2070 1238 2092 in
1251 2078 1304 2100 cap.
1316 2077 1327 2098 7
1341 2071 1376 2101 (p.
1390 2078 1397 2092 1
1406 2070 1444 2100 14)
1456 2078 1536 2100 supra.

1009 2117 1017 2127 δ’
1033 2110 1222 2135 Cursus-The
1238 2111 1360 2133 anecdote
1372 2111 1393 2133 is
1405 2111 1463 2134 thus
1477 2110 1531 2133 told
1546 2111 1571 2133 in
1583 2111 1626 2134 the

979 2151 1033 2175 Life
1042 2152 1069 2174 of
1077 2152 1114 2175 St.
1125 2150 1249 2174 Cainnech
1259 2160 1263 2173 :
1278 2153 1291 2164 ‘⁴
1301 2151 1413 2178 Quodam
1423 2154 1505 2174 autem
1515 2154 1625 2182 tempore

978 2199 1033 2215 cum
1052 2191 1075 2215 S.
1091 2190 1212 2215 Columba.
1229 2191 1301 2222 Kylle
1319 2191 1343 2213 in
1361 2191 1423 2214 mari
1439 2191 1580 2222 navigaret,
1600 2195 1625 2214 et

1263 2030 1308 2052 See
1321 2029 1362 2052 tho
1375 2029 1442 2052 word
1458 2029 1550 2060 euloqia
1566 2030 1626 2053 used
