1850 2692
265 303 276 323 ι
285 301 328 325 02
736 287 815 322 Vita
831 286 950 323 Sancti
970 285 1136 322 Columba>
1486 294 1558 332 [nm.
1574 303 1604 322 11.

261 385 310 416 De
326 396 421 425 puero
436 394 529 424 quem
551 387 718 419 mortuum,
733 382 766 413 in
786 381 909 413 nomine
925 380 1054 412 Domini
1068 380 1093 411 J
1094 391 1148 411 esu
1164 379 1292 415 Christi,
1308 379 1341 410 in
1360 379 1486 420 regione
1501 379 1604 411 Picto-

322 447 400 472 rum,
418 435 599 466 suscitavit³.

262 487 311 517 De
332 487 476 518 conflictu
496 486 561 526 ejus
581 491 687 517 contra
705 495 830 525 magum
846 483 1065 519 Broichanum‚
1083 483 1121 513 ob
1137 482 1254 513 ancillae
1273 482 1495 517 retentionem;
1518 487 1550 512 et
1569 482 1607 513 dc

323 537 423 578 lapide
439 547 530 577 quem
549 537 680 568 Sanctus
694 535 863 571 benedixit,
879 534 933 575 qui
947 534 979 564 in
992 545 1072 574 aqua
1087 534 1173 574 quasi
1188 545 1313 574 pomum
1329 533 1566 574 supernatavitk.

262 590 311 620 De
326 589 407 619 beati
422 589 479 620 viri
495 594 601 620 contra
615 588 824 619 Broichanum
838 599 964 629 magum
978 588 1194 629 refragatione,
1211 593 1243 618 et
1257 588 1342 619 venti
1357 587 1589 619 contrarietate¹.

262 641 310 671 De
326 646 492 681 spontanea
507 640 598 680 regiae
613 639 791 670 munitionis
806 644 903 679 portae
919 639 1020 669 subita
1035 639 1222 679 apertionem.

262 692 312 722 De
327 691 461 722 ecclesia}
478 691 623 722 Duorum
639 691 722 732 Agri
736 690 889 721 Rivorum
904 690 995 721 simili
1009 690 1204 722 reclusionen.

262 743 311 774 De
328 743 388 773 alio
407 753 551 783 paupere,
574 742 693 783 plebeio
712 742 865 778 mendico,
882 742 932 772 cui
954 742 1096 779 Sanctus,
1118 742 1225 773 sudem
1242 742 1366 779 faciens,
1384 741 1552 777 benedixit,
1572 741 1610 771 ad

324 794 455 825 ferarum
466 793 695 834 jugulationem
711 793 920 823 silvestrium0.

262 845 311 876 De
327 851 397 877 utre
411 845 546 881 lactatio,
563 856 655 885 quem
671 845 754 875 unda
769 845 860 875 maris
875 845 1016 882 abduxit,
1034 851 1066 876 et
1080 845 1205 876 reduxit
1219 846 1258 876 ad
1274 850 1410 876 terramv.

263 896 312 927 De
328 896 464 927 Librano
482 896 690 926 Harundineti
706 896 803 926 sancti
818 895 1014 936 prophetatio
1029 896 1116 926 viriq.

264 949 312 980 De
332 949 465 989 quadam
492 947 681 985 muliercula,
708 958 836 988 magnas
855 951 887 978 et
909 946 999 977 valde
1017 946 1203 977 difficiliores
1225 946 1436 987 parturitionis
1463 946 1611 977 tortiones

325 1011 421 1041 passa,
439 1006 470 1031 et
486 1004 616 1030 sanata‘.

265 1053 313 1083 De
329 1053 461 1093 conjuge
477 1051 601 1092 Lugnei
617 1051 714 1082 odiosi
729 1050 965 1091 gubernatoris&

266 1105 313 1134 De
329 1104 478 1134 Cormaco
495 1102 525 1132 1<
530 1107 619 1142 cpotc
635 1101 780 1137 Lethani,
797 1106 828 1132 et
843 1101 909 1141 ejus
924 1100 1183 1142 navigationibus,
1200 1100 1297 1130 saneti
1309 1099 1468 1131 Columbae
1483 1097 1613 1138 prophe-

327 1154 423 1185 tatio‘.

265 1205 314 1235 De
339 1204 519 1235 venerabilis
545 1203 602 1233 viri
630 1203 663 1233 in
689 1213 781 1234 curru
807 1202 976 1239 evectione,
1002 1203 1119 1242 absque
1143 1201 1302 1232 currilium
1329 1201 1452 1232 obicum
1477 1211 1613 1231 commu-

327 1255 469 1285 11iti0ne¹¹.

264 1306 313 1336 Dc
326 1306 430 1346 pluvia
441 1310 510 1345 post
524 1304 642 1344 aliquot
653 1303 799 1334 siccitatis
814 1313 943 1339 menses,
956 1301 1039 1333 beati
1050 1302 1089 1333 ob
1100 1301 1248 1333 honorem
1260 1301 1328 1338 viri,
1339 1312 1431 1342 super
1446 1301 1610 1337 sitientem,

328 1357 463 1387 Domino
479 1356 623 1391 donante,
639 1360 753 1385 terram
768 1354 887 1385 effusa*-

267 1407 454 1438 Miracuhun
469 1406 553 1446 quod
567 1416 660 1441 nunc,
683 1405 753 1436 Deo
776 1404 920 1445 propitio,
943 1404 1114 1436 describere
1135 1404 1309 1445 incipimus,
1332 1405 1445 1436 nostris
1470 1405 1615 1445 tempori-

328 1459 385 1489 bus
400 1458 525 1493 sactum,
542 1457 672 1498 propriis
687 1457 876 1498 inspeximus
891 1457 1004 1488 oeulis:

268 1509 316 1539 De
332 1513 494 1539 ventorum
509 1508 631 1538 flatibus
646 1507 815 1543 contrariis,
828 1507 1009 1539 venerabilis
1020 1507 1079 1538 viri
1093 1508 1210 1539 virtute
1224 1507 1407 1544 orationum,
1420 1508 1452 1538 in
1466 1507 1614 1539 secundos

329 1560 482 1592 conversis
497 1565 634 1591 ventosw.

270 1614 317 1644 De
333 1613 544 1644 mortalitate&

595 1711 799 1732 EXPLICIUNT
821 1711 985 1732 CAPITULA
1006 1711 1150 1732 SECUNDI
1173 1710 1279 1731 LIBm.

363 1819 367 1828 ¹
385 1814 442 1843 Cap.
456 1820 491 1841 32.
697 1817 707 1827 ¹¹
720 1812 779 1841 Cap.
792 1811 828 1841 36.
1040 1815 1047 1826 ¹
1063 1811 1122 1841 Cap.
1133 1817 1172 1839 40.
1382 1814 1391 1823 '
1403 1810 1461 1839 Cap.
1474 1817 1510 1837 44

364 1856 371 1869 Β
386 1855 444 1884 Cap.
458 1862 493 1883 33.
699 1858 708 1868 0
723 1853 781 1883 Cap.
795 1860 830 1882 37.
1038 1857 1046 1868 ³
1062 1853 1121 1882 Cap.
1133 1859 1170 1880 41.
1379 1851 1459 1881 ”Cap
1472 1858 1509 1879 45.

362 1895 367 1909 ¹
385 1895 442 1924 Cap.
458 1901 492 1922 34.
699 1898 708 1912 Ρ
721 1893 780 1922 Cap.
793 1893 828 1921 33.
1038 1893 1046 1907 ἲ
1063 1892 1122 1921 Cap.
1135 1898 1172 1919 42.
1381 1895 1391 1906 ¹
1401 1891 1461 1921 Cap.
1475 1890 1511 1918 46.

364 1935 445 1965 mCap.
459 1942 493 1963 35.
701 1939 709 1953 ‘1
723 1934 782 1963 Cap.
795 1940 831 1963 39.
1040 1937 1052 1948 “
1063 1932 1122 1963 Cap.
1135 1939 1171 1961 43,
