<?xml version="1.0" encoding="UTF-8"?>
<!DOCTYPE html PUBLIC "-//W3C//DTD XHTML 1.0 Transitional//EN"
    "http://www.w3.org/TR/xhtml1/DTD/xhtml1-transitional.dtd">
<html xmlns="http://www.w3.org/1999/xhtml" xml:lang="en" lang="en">
 <head>
  <title>
</title>
<meta http-equiv="Content-Type" content="text/html;charset=utf-8" />
  <meta name='ocr-system' content='tesseract 3.04.00' />
  <meta name='ocr-capabilities' content='ocr_page ocr_carea ocr_par ocr_line ocrx_word'/>
</head>
<body>
  <div class='ocr_page' id='page_1' title='image "./vitasancticolumb00bann_0195.png"; bbox 0 0 1850 2692; ppageno 0'>
   <div class='ocr_carea' id='block_1_1' title="bbox 274 294 1618 342">
    <p class='ocr_par' dir='ltr' id='par_1_1' title="bbox 274 294 1618 342">
     <span class='ocr_line' id='line_1_1' title="bbox 274 294 1618 342; baseline -0.01 -8"><span class='ocrx_word' id='word_1_1' title='bbox 274 314 331 334; x_wconf 62' lang='lat' dir='ltr'>cam.</span> <span class='ocrx_word' id='word_1_2' title='bbox 347 307 393 341; x_wconf 91' lang='lat'>48,</span> <span class='ocrx_word' id='word_1_3' title='bbox 405 305 466 342; x_wconf 84' lang='lat'>49·]</span> <span class='ocrx_word' id='word_1_4' title='bbox 758 294 791 328; x_wconf 87' lang='lat' dir='ltr'><strong><em>A</em></strong></span> <span class='ocrx_word' id='word_1_5' title='bbox 799 301 909 330; x_wconf 77' lang='lat' dir='ltr'>actore</span> <span class='ocrx_word' id='word_1_6' title='bbox 925 294 1148 329; x_wconf 77' lang='lat' dir='ltr'>Adamncmo.</span> <span class='ocrx_word' id='word_1_7' title='bbox 1578 306 1618 338; x_wconf 86' lang='lat'>9¹</span> 
     </span>
    </p>
   </div>
   <div class='ocr_carea' id='block_1_2' title="bbox 277 388 1630 891">
    <p class='ocr_par' dir='ltr' id='par_1_2' title="bbox 277 388 1630 891">
     <span class='ocr_line' id='line_1_2' title="bbox 277 388 1623 429; baseline -0.002 -7"><span class='ocrx_word' id='word_1_8' title='bbox 277 396 324 422; x_wconf 85' lang='lat' dir='ltr'>est</span> <span class='ocrx_word' id='word_1_9' title='bbox 335 391 473 422; x_wconf 88' lang='lat' dir='ltr'>oriunda.</span> <span class='ocrx_word' id='word_1_10' title='bbox 511 390 711 422; x_wconf 80' lang='lat' dir='ltr'>Obsecundat</span> <span class='ocrx_word' id='word_1_11' title='bbox 725 389 828 426; x_wconf 84' lang='lat' dir='ltr'>frater,</span> <span class='ocrx_word' id='word_1_12' title='bbox 841 389 995 429; x_wconf 82' lang='lat' dir='ltr'>tertiaque</span> <span class='ocrx_word' id='word_1_13' title='bbox 1006 388 1056 419; x_wconf 88' lang='lat' dir='ltr'>die</span> <span class='ocrx_word' id='word_1_14' title='bbox 1070 393 1141 429; x_wconf 84' lang='lat' dir='ltr'>post</span> <span class='ocrx_word' id='word_1_15' title='bbox 1152 388 1258 418; x_wconf 86' lang='lat' dir='ltr'>horam</span> <span class='ocrx_word' id='word_1_16' title='bbox 1272 398 1395 424; x_wconf 78' lang='lat' dir='ltr'>nonam,</span> <span class='ocrx_word' id='word_1_17' title='bbox 1410 391 1471 418; x_wconf 82' lang='lat' dir='ltr'>¹⁷ut</span> <span class='ocrx_word' id='word_1_18' title='bbox 1487 389 1520 428; x_wconf 76' lang='lat' dir='ltr'>¹¹³j</span> <span class='ocrx_word' id='word_1_19' title='bbox 1526 399 1623 424; x_wconf 81' lang='lat' dir='ltr'>ussus,</span> 
     </span>
     <span class='ocr_line' id='line_1_3' title="bbox 278 440 1626 482; baseline -0.001 -10"><span class='ocrx_word' id='word_1_20' title='bbox 278 441 424 481; x_wconf 82' lang='lat' dir='ltr'>praesoitae</span> <span class='ocrx_word' id='word_1_21' title='bbox 438 442 607 472; x_wconf 86' lang='lat' dir='ltr'>adventum</span> <span class='ocrx_word' id='word_1_22' title='bbox 622 441 818 482; x_wconf 66' lang='lat' dir='ltr'>praestolatur</span> <span class='ocrx_word' id='word_1_23' title='bbox 833 441 971 482; x_wconf 68' lang='lat' dir='ltr'>hospitae,</span> <span class='ocrx_word' id='word_1_24' title='bbox 988 441 1270 480; x_wconf 82' lang='lat' dir='ltr'>adventantemque</span> <span class='ocrx_word' id='word_1_25' title='bbox 1285 441 1324 471; x_wconf 90' lang='lat' dir='ltr'>de</span> <span class='ocrx_word' id='word_1_26' title='bbox 1342 440 1446 470; x_wconf 85' lang='lat' dir='ltr'>littore</span> <span class='ocrx_word' id='word_1_27' title='bbox 1461 440 1544 471; x_wconf 80' lang='lat' dir='ltr'>levat</span> <span class='ocrx_word' id='word_1_28' title='bbox 1562 441 1626 481; x_wconf 81' lang='lat' dir='ltr'>lap-</span> 
     </span>
     <span class='ocr_line' id='line_1_4' title="bbox 279 492 1626 533; baseline 0 -11"><span class='ocrx_word' id='word_1_29' title='bbox 279 503 353 528; x_wconf 85' lang='lat' dir='ltr'>sam,</span> <span class='ocrx_word' id='word_1_30' title='bbox 372 492 411 523; x_wconf 86' lang='lat' dir='ltr'>ad</span> <span class='ocrx_word' id='word_1_31' title='bbox 430 492 599 533; x_wconf 81' lang='lat' dir='ltr'><strong>hospitium</strong></span> <span class='ocrx_word' id='word_1_32' title='bbox 618 498 722 533; x_wconf 86' lang='lat' dir='ltr'>portat</span> <span class='ocrx_word' id='word_1_33' title='bbox 739 493 901 530; x_wconf 83' lang='lat' dir='ltr'>infirmam,</span> <span class='ocrx_word' id='word_1_34' title='bbox 922 493 1107 524; x_wconf 81' lang='lat' dir='ltr'><strong>esurientem</strong></span> <span class='ocrx_word' id='word_1_35' title='bbox 1126 492 1218 523; x_wconf 85' lang='lat' dir='ltr'>cibat.</span> <span class='ocrx_word' id='word_1_36' title='bbox 1271 492 1332 523; x_wconf 90' lang='lat' dir='ltr'>Cui</span> <span class='ocrx_word' id='word_1_37' title='bbox 1350 492 1389 522; x_wconf 83' lang='lat' dir='ltr'>ad</span> <span class='ocrx_word' id='word_1_38' title='bbox 1406 493 1626 523; x_wconf 83' lang='lat' dir='ltr'>monasterium</span> 
     </span>
     <span class='ocr_line' id='line_1_5' title="bbox 279 543 1625 584; baseline 0 -11"><span class='ocrx_word' id='word_1_39' title='bbox 279 554 404 583; x_wconf 84' lang='lat' dir='ltr'>vespere</span> <span class='ocrx_word' id='word_1_40' title='bbox 415 554 536 574; x_wconf 84' lang='lat' dir='ltr'>reverso</span> <span class='ocrx_word' id='word_1_41' title='bbox 549 543 689 580; x_wconf 83' lang='lat' dir='ltr'>Sanetus,</span> <span class='ocrx_word' id='word_1_42' title='bbox 707 555 768 574; x_wconf 91' lang='lat' dir='ltr'>non</span> <span class='ocrx_word' id='word_1_43' title='bbox 779 544 972 584; x_wconf 84' lang='lat' dir='ltr'>interrogans</span> <span class='ocrx_word' id='word_1_44' title='bbox 987 544 1040 574; x_wconf 86' lang='lat' dir='ltr'>sed</span> <span class='ocrx_word' id='word_1_45' title='bbox 1057 548 1215 579; x_wconf 81' lang='lat' dir='ltr'>¹⁹nan·ans‚</span> <span class='ocrx_word' id='word_1_46' title='bbox 1232 543 1285 579; x_wconf 84' lang='lat' dir='ltr'>ait,</span> <span class='ocrx_word' id='word_1_47' title='bbox 1300 543 1469 574; x_wconf 80' lang='lat' dir='ltr'><strong>Benedicat</strong></span> <span class='ocrx_word' id='word_1_48' title='bbox 1484 548 1515 573; x_wconf 89' lang='lat' dir='ltr'>te</span> <span class='ocrx_word' id='word_1_49' title='bbox 1527 543 1625 579; x_wconf 83' lang='lat' dir='ltr'>Deus,</span> 
     </span>
     <span class='ocr_line' id='line_1_6' title="bbox 279 594 1626 636; baseline -0.001 -12"><span class='ocrx_word' id='word_1_50' title='bbox 279 594 321 624; x_wconf 87' lang='lat' dir='ltr'>mi</span> <span class='ocrx_word' id='word_1_51' title='bbox 336 594 389 631; x_wconf 85' lang='lat' dir='ltr'>fili,</span> <span class='ocrx_word' id='word_1_52' title='bbox 407 595 505 634; x_wconf 78' lang='lat' dir='ltr'>²⁰quia</span> <span class='ocrx_word' id='word_1_53' title='bbox 520 595 687 636; x_wconf 83' lang='lat' dir='ltr'>peregrinae</span> <span class='ocrx_word' id='word_1_54' title='bbox 703 596 780 626; x_wconf 89' lang='lat' dir='ltr'>bene</span> <span class='ocrx_word' id='word_1_55' title='bbox 800 594 981 625; x_wconf 80' lang='lat' dir='ltr'>ministrasti</span> <span class='ocrx_word' id='word_1_56' title='bbox 998 594 1148 634; x_wconf 77' lang='lat' dir='ltr'>hospitae⁰‚</span> <span class='ocrx_word' id='word_1_57' title='bbox 1165 605 1234 633; x_wconf 83' lang='lat' dir='ltr'>quae</span> <span class='ocrx_word' id='word_1_58' title='bbox 1248 594 1279 623; x_wconf 91' lang='lat' dir='ltr'>in</span> <span class='ocrx_word' id='word_1_59' title='bbox 1300 594 1545 634; x_wconf 76' lang='lat' dir='ltr'>peregrinatione</span> <span class='ocrx_word' id='word_1_60' title='bbox 1565 605 1626 624; x_wconf 91' lang='lat' dir='ltr'>non</span> 
     </span>
     <span class='ocr_line' id='line_1_7' title="bbox 279 645 1628 686; baseline 0.001 -11"><span class='ocrx_word' id='word_1_61' title='bbox 279 645 498 682; x_wconf 82' lang='lat' dir='ltr'>demorabitur,</span> <span class='ocrx_word' id='word_1_62' title='bbox 515 647 567 676; x_wconf 81' lang='lat' dir='ltr'>sed</span> <span class='ocrx_word' id='word_1_63' title='bbox 583 652 653 686; x_wconf 87' lang='lat' dir='ltr'>post</span> <span class='ocrx_word' id='word_1_64' title='bbox 667 651 770 677; x_wconf 89' lang='lat' dir='ltr'>ternos</span> <span class='ocrx_word' id='word_1_65' title='bbox 785 646 864 676; x_wconf 87' lang='lat' dir='ltr'>soles</span> <span class='ocrx_word' id='word_1_66' title='bbox 879 646 918 676; x_wconf 86' lang='lat' dir='ltr'>ad</span> <span class='ocrx_word' id='word_1_67' title='bbox 933 645 1062 686; x_wconf 80' lang='lat' dir='ltr'>patriam</span> <span class='ocrx_word' id='word_1_68' title='bbox 1078 645 1273 685; x_wconf 75' lang='lat' dir='ltr'>²¹repedabit.</span> <span class='ocrx_word' id='word_1_69' title='bbox 1318 645 1412 684; x_wconf 83' lang='lat' dir='ltr'>Quod</span> <span class='ocrx_word' id='word_1_70' title='bbox 1428 645 1471 675; x_wconf 87' lang='lat' dir='ltr'>ita</span> <span class='ocrx_word' id='word_1_71' title='bbox 1485 650 1521 676; x_wconf 83' lang='lat' dir='ltr'>ut</span> <span class='ocrx_word' id='word_1_72' title='bbox 1535 645 1628 676; x_wconf 84' lang='lat' dir='ltr'>Sane-</span> 
     </span>
     <span class='ocr_line' id='line_1_8' title="bbox 280 696 1627 738; baseline 0 -11"><span class='ocrx_word' id='word_1_73' title='bbox 280 702 331 727; x_wconf 86' lang='lat' dir='ltr'>tus</span> <span class='ocrx_word' id='word_1_74' title='bbox 346 697 489 737; x_wconf 67' lang='lat' dir='ltr'>praedixit</span> <span class='ocrx_word' id='word_1_75' title='bbox 504 702 562 727; x_wconf 67' lang='lat' dir='ltr'>2²et</span> <span class='ocrx_word' id='word_1_76' title='bbox 576 708 624 727; x_wconf 89' lang='lat' dir='ltr'>res</span> <span class='ocrx_word' id='word_1_77' title='bbox 642 697 734 728; x_wconf 82' lang='lat' dir='ltr'>etiam</span> <span class='ocrx_word' id='word_1_78' title='bbox 749 697 902 738; x_wconf 83' lang='lat' dir='ltr'>probavit.</span> <span class='ocrx_word' id='word_1_79' title='bbox 946 697 1030 727; x_wconf 89' lang='lat' dir='ltr'>Nam</span> <span class='ocrx_word' id='word_1_80' title='bbox 1044 697 1206 727; x_wconf 81' lang='lat' dir='ltr'>trinalibus</span> <span class='ocrx_word' id='word_1_81' title='bbox 1222 696 1376 737; x_wconf 83' lang='lat' dir='ltr'>hospitata</span> <span class='ocrx_word' id='word_1_82' title='bbox 1392 697 1509 734; x_wconf 86' lang='lat' dir='ltr'>diebus,</span> <span class='ocrx_word' id='word_1_83' title='bbox 1526 708 1627 728; x_wconf 84' lang='lat' dir='ltr'>coram</span> 
     </span>
     <span class='ocr_line' id='line_1_9' title="bbox 280 747 1628 789; baseline 0 -11"><span class='ocrx_word' id='word_1_84' title='bbox 280 748 400 788; x_wconf 82' lang='lat' dir='ltr'>hospite</span> <span class='ocrx_word' id='word_1_85' title='bbox 414 748 554 778; x_wconf 86' lang='lat' dir='ltr'>ministro</span> <span class='ocrx_word' id='word_1_86' title='bbox 566 748 604 778; x_wconf 85' lang='lat' dir='ltr'>de</span> <span class='ocrx_word' id='word_1_87' title='bbox 614 753 694 779; x_wconf 84' lang='lat' dir='ltr'>terra</span> <span class='ocrx_word' id='word_1_88' title='bbox 709 759 741 779; x_wconf 89' lang='lat' dir='ltr'>se</span> <span class='ocrx_word' id='word_1_89' title='bbox 756 748 889 789; x_wconf 88' lang='lat' dir='ltr'>primum</span> <span class='ocrx_word' id='word_1_90' title='bbox 898 748 1030 779; x_wconf 81' lang='lat' dir='ltr'>volando</span> <span class='ocrx_word' id='word_1_91' title='bbox 1045 748 1167 779; x_wconf 83' lang='lat' dir='ltr'>elevans</span> <span class='ocrx_word' id='word_1_92' title='bbox 1182 747 1214 778; x_wconf 92' lang='lat' dir='ltr'>in</span> <span class='ocrx_word' id='word_1_93' title='bbox 1229 752 1249 767; x_wconf 80' lang='lat'>²³</span> <span class='ocrx_word' id='word_1_94' title='bbox 1256 748 1396 784; x_wconf 84' lang='lat' dir='ltr'>sublime,</span> <span class='ocrx_word' id='word_1_95' title='bbox 1413 748 1628 789; x_wconf 83' lang='lat' dir='ltr'>paulisperque</span> 
     </span>
     <span class='ocr_line' id='line_1_10' title="bbox 280 798 1630 839; baseline 0.001 -10"><span class='ocrx_word' id='word_1_96' title='bbox 280 800 312 829; x_wconf 94' lang='lat' dir='ltr'>in</span> <span class='ocrx_word' id='word_1_97' title='bbox 326 810 394 830; x_wconf 88' lang='lat' dir='ltr'>aere</span> <span class='ocrx_word' id='word_1_98' title='bbox 405 799 485 830; x_wconf 83' lang='lat' dir='ltr'>viam</span> <span class='ocrx_word' id='word_1_99' title='bbox 501 799 667 839; x_wconf 82' lang='lat' dir='ltr'>speculata,</span> <span class='ocrx_word' id='word_1_100' title='bbox 684 799 788 830; x_wconf 82' lang='lat' dir='ltr'>oceani</span> <span class='ocrx_word' id='word_1_101' title='bbox 803 799 1001 830; x_wconf 83' lang='lat' dir='ltr'>transvadato</span> <span class='ocrx_word' id='word_1_102' title='bbox 1016 809 1148 839; x_wconf 82' lang='lat' dir='ltr'>aequore,</span> <span class='ocrx_word' id='word_1_103' title='bbox 1166 799 1205 829; x_wconf 87' lang='lat' dir='ltr'>ad</span> <span class='ocrx_word' id='word_1_104' title='bbox 1221 798 1428 829; x_wconf 49' lang='lat' dir='ltr'>”Hiberniam</span> <span class='ocrx_word' id='word_1_105' title='bbox 1447 805 1531 830; x_wconf 79' lang='lat' dir='ltr'>recto</span> <span class='ocrx_word' id='word_1_106' title='bbox 1546 799 1630 830; x_wconf 84' lang='lat' dir='ltr'>vola-</span> 
     </span>
     <span class='ocr_line' id='line_1_11' title="bbox 281 850 867 891; baseline 0 -11"><span class='ocrx_word' id='word_1_107' title='bbox 281 856 331 881; x_wconf 88' lang='lat' dir='ltr'>tus</span> <span class='ocrx_word' id='word_1_108' title='bbox 346 861 437 881; x_wconf 87' lang='lat' dir='ltr'>cursu</span> <span class='ocrx_word' id='word_1_109' title='bbox 453 850 502 881; x_wconf 85' lang='lat' dir='ltr'>die</span> <span class='ocrx_word' id='word_1_110' title='bbox 517 850 677 891; x_wconf 82' lang='lat' dir='ltr'>repedavit</span> <span class='ocrx_word' id='word_1_111' title='bbox 690 850 867 890; x_wconf 83' lang='lat' dir='ltr'>tranquillo.</span> 
     </span>
    </p>
   </div>
   <div class='ocr_carea' id='block_1_3' title="bbox 282 994 1631 1023">
    <p class='ocr_par' dir='ltr' id='par_1_3' title="bbox 282 994 1631 1023">
     <span class='ocr_line' id='line_1_12' title="bbox 282 994 1631 1023; baseline 0 -4"><span class='ocrx_word' id='word_1_112' title='bbox 282 994 339 1019; x_wconf 72' lang='lat' dir='ltr'>¹1)ss</span> <span class='ocrx_word' id='word_1_113' title='bbox 357 999 466 1020; x_wconf 88' lang='lat' dir='ltr'>BELLO</span> <span class='ocrx_word' id='word_1_114' title='bbox 481 999 572 1023; x_wconf 84' lang='lat' dir='ltr'>QUOD</span> <span class='ocrx_word' id='word_1_115' title='bbox 590 999 625 1020; x_wconf 84' lang='lat' dir='ltr'>IN</span> <span class='ocrx_word' id='word_1_116' title='bbox 642 1000 835 1020; x_wconf 85' lang='lat' dir='ltr'><strong>MUNITIONE</strong></span> <span class='ocrx_word' id='word_1_117' title='bbox 854 999 1017 1020; x_wconf 80' lang='lat' dir='ltr'>CETHIRNI</span> <span class='ocrx_word' id='word_1_118' title='bbox 1035 999 1113 1019; x_wconf 88' lang='lat' dir='ltr'>POST</span> <span class='ocrx_word' id='word_1_119' title='bbox 1130 998 1245 1019; x_wconf 75' lang='lat' dir='ltr'>MULTA</span> <span class='ocrx_word' id='word_1_120' title='bbox 1262 998 1456 1019; x_wconf 75' lang='lat' dir='ltr'>COMMISSUM</span> <span class='ocrx_word' id='word_1_121' title='bbox 1475 999 1532 1019; x_wconf 87' lang='lat' dir='ltr'>EST</span> <span class='ocrx_word' id='word_1_122' title='bbox 1548 999 1631 1019; x_wconf 78' lang='lat' dir='ltr'>TEM-</span> 
     </span>
    </p>
   </div>
   <div class='ocr_carea' id='block_1_4' title="bbox 344 1044 1629 1122">
    <p class='ocr_par' dir='ltr' id='par_1_4' title="bbox 344 1044 1629 1122">
     <span class='ocr_line' id='line_1_13' title="bbox 344 1044 1629 1077; baseline -0.002 -6"><span class='ocrx_word' id='word_1_123' title='bbox 344 1051 442 1077; x_wconf 76' lang='lat' dir='ltr'>PORA,</span> <span class='ocrx_word' id='word_1_124' title='bbox 466 1051 506 1070; x_wconf 88' lang='lat' dir='ltr'>ET</span> <span class='ocrx_word' id='word_1_125' title='bbox 530 1051 572 1071; x_wconf 87' lang='lat' dir='ltr'>DE</span> <span class='ocrx_word' id='word_1_126' title='bbox 597 1051 737 1074; x_wconf 69' lang='lat' dir='ltr'><strong>QUODAM</strong></span> <span class='ocrx_word' id='word_1_127' title='bbox 762 1051 954 1071; x_wconf 77' lang='lat' dir='ltr'>FONTICULO</span> <span class='ocrx_word' id='word_1_128' title='bbox 975 1050 1128 1070; x_wconf 81' lang='lat' dir='ltr'>EJUSDEM</span> <span class='ocrx_word' id='word_1_129' title='bbox 1151 1050 1316 1070; x_wconf 80' lang='lat' dir='ltr'>TERRULAE</span> <span class='ocrx_word' id='word_1_130' title='bbox 1340 1050 1494 1070; x_wconf 81' lang='lat' dir='ltr'>PRoleo</span> <span class='ocrx_word' id='word_1_131' title='bbox 1515 1044 1629 1070; x_wconf 71' lang='grc' dir='ltr'>2ΒΕΑΤΙ</span> 
     </span>
     <span class='ocr_line' id='line_1_14' title="bbox 345 1102 668 1122; baseline -0.003 -1"><span class='ocrx_word' id='word_1_132' title='bbox 345 1102 571 1122; x_wconf 81' lang='lat' dir='ltr'>PRAESCIENTIA</span> <span class='ocrx_word' id='word_1_133' title='bbox 590 1102 668 1121; x_wconf 85' lang='lat' dir='ltr'>VIRI.</span> 
     </span>
    </p>
   </div>
   <div class='ocr_carea' id='block_1_5' title="bbox 284 1163 1633 1256">
    <p class='ocr_par' dir='ltr' id='par_1_5' title="bbox 284 1163 1633 1256">
     <span class='ocr_line' id='line_1_15' title="bbox 338 1163 1630 1205; baseline 0.001 -12"><span class='ocrx_word' id='word_1_134' title='bbox 338 1164 429 1194; x_wconf 84' lang='lat' dir='ltr'><strong>ALIO</strong></span> <span class='ocrx_word' id='word_1_135' title='bbox 442 1164 488 1194; x_wconf 76' lang='lat' dir='ltr'>3in</span> <span class='ocrx_word' id='word_1_136' title='bbox 500 1170 637 1205; x_wconf 87' lang='lat' dir='ltr'>tempore</span> <span class='ocrx_word' id='word_1_137' title='bbox 647 1165 695 1195; x_wconf 88' lang='lat' dir='ltr'>vir</span> <span class='ocrx_word' id='word_1_138' title='bbox 706 1166 815 1195; x_wconf 85' lang='lat' dir='ltr'>beatus</span> <span class='ocrx_word' id='word_1_139' title='bbox 830 1169 915 1195; x_wconf 76' lang='lat' dir='ltr'>⁴eum</span> <span class='ocrx_word' id='word_1_140' title='bbox 931 1169 1015 1204; x_wconf 83' lang='lat' dir='ltr'>⁶post</span> <span class='ocrx_word' id='word_1_141' title='bbox 1025 1174 1135 1204; x_wconf 81' lang='lat' dir='ltr'>regum</span> <span class='ocrx_word' id='word_1_142' title='bbox 1150 1164 1181 1194; x_wconf 89' lang='lat' dir='ltr'>in</span> <span class='ocrx_word' id='word_1_143' title='bbox 1194 1163 1295 1195; x_wconf 88' lang='lat' dir='ltr'>Dorso</span> <span class='ocrx_word' id='word_1_144' title='bbox 1307 1163 1416 1195; x_wconf 77' lang='lat' dir='ltr'>⁶Cette</span> <span class='ocrx_word' id='word_1_145' title='bbox 1431 1164 1630 1200; x_wconf 73' lang='lat' dir='ltr'>condictuxm,</span> 
     </span>
     <span class='ocr_line' id='line_1_16' title="bbox 284 1215 1633 1256; baseline 0 -10"><span class='ocrx_word' id='word_1_146' title='bbox 284 1216 362 1246; x_wconf 85' lang='lat' dir='ltr'>Aidi</span> <span class='ocrx_word' id='word_1_147' title='bbox 378 1216 521 1247; x_wconf 83' lang='lat' dir='ltr'>videlicet</span> <span class='ocrx_word' id='word_1_148' title='bbox 541 1216 594 1246; x_wconf 91' lang='lat' dir='ltr'>filii</span> <span class='ocrx_word' id='word_1_149' title='bbox 611 1221 618 1235; x_wconf 77' lang='lat'><strong>⁷</strong></span> <span class='ocrx_word' id='word_1_150' title='bbox 628 1216 846 1253; x_wconf 64' lang='lat' dir='ltr'>Ainmumchb,</span> <span class='ocrx_word' id='word_1_151' title='bbox 864 1221 896 1247; x_wconf 88' lang='lat' dir='ltr'>et</span> <span class='ocrx_word' id='word_1_152' title='bbox 912 1216 1031 1246; x_wconf 83' lang='lat' dir='ltr'>Aidani</span> <span class='ocrx_word' id='word_1_153' title='bbox 1045 1216 1099 1245; x_wconf 93' lang='lat' dir='ltr'>filii</span> <span class='ocrx_word' id='word_1_154' title='bbox 1117 1215 1292 1252; x_wconf 64' lang='lat' dir='ltr'>ssGabranic,</span> <span class='ocrx_word' id='word_1_155' title='bbox 1309 1216 1348 1246; x_wconf 84' lang='lat' dir='ltr'>ad</span> <span class='ocrx_word' id='word_1_156' title='bbox 1363 1227 1485 1256; x_wconf 84' lang='lat' dir='ltr'>campos</span> <span class='ocrx_word' id='word_1_157' title='bbox 1499 1221 1633 1246; x_wconf 87' lang='lat' dir='ltr'>reverte—</span> 
     </span>
    </p>
   </div>
   <div class='ocr_carea' id='block_1_6' title="bbox 330 1315 468 1337">
    <p class='ocr_par' dir='ltr' id='par_1_6' title="bbox 330 1315 468 1337">
     <span class='ocr_line' id='line_1_17' title="bbox 330 1315 468 1337; baseline 0 0"><span class='ocrx_word' id='word_1_158' title='bbox 330 1316 377 1331; x_wconf 66' lang='lat'>17‘1‘3</span> <span class='ocrx_word' id='word_1_159' title='bbox 388 1323 429 1337; x_wconf 80' lang='lat' dir='ltr'>om.</span> <span class='ocrx_word' id='word_1_160' title='bbox 442 1315 468 1337; x_wconf 87' lang='lat' dir='ltr'>B.</span> 
     </span>
    </p>
   </div>
   <div class='ocr_carea' id='block_1_7' title="bbox 280 1315 1630 1416">
    <p class='ocr_par' dir='ltr' id='par_1_7' title="bbox 280 1315 1630 1416">
     <span class='ocr_line' id='line_1_18' title="bbox 535 1315 1630 1344; baseline 0.001 -7"><span class='ocrx_word' id='word_1_161' title='bbox 535 1316 636 1344; x_wconf 63' lang='lat' dir='ltr'>¹⁸jussus</span> <span class='ocrx_word' id='word_1_162' title='bbox 648 1316 720 1338; x_wconf 78' lang='lat' dir='ltr'>fuerat</span> <span class='ocrx_word' id='word_1_163' title='bbox 733 1316 758 1338; x_wconf 85' lang='lat' dir='ltr'>C.</span> <span class='ocrx_word' id='word_1_164' title='bbox 769 1317 796 1337; x_wconf 92' lang='lat' dir='ltr'>D.</span> <span class='ocrx_word' id='word_1_165' title='bbox 865 1315 882 1331; x_wconf 77' lang='lat'>1⁹</span> <span class='ocrx_word' id='word_1_166' title='bbox 894 1322 999 1337; x_wconf 69' lang='lat' dir='ltr'>enarrans</span> <span class='ocrx_word' id='word_1_167' title='bbox 1011 1315 1039 1336; x_wconf 88' lang='lat' dir='ltr'>D.</span> <span class='ocrx_word' id='word_1_168' title='bbox 1104 1316 1124 1331; x_wconf 66' lang='lat'>&#39;³⁰</span> <span class='ocrx_word' id='word_1_169' title='bbox 1136 1316 1175 1343; x_wconf 86' lang='lat' dir='ltr'>qui</span> <span class='ocrx_word' id='word_1_170' title='bbox 1188 1316 1214 1337; x_wconf 84' lang='grc' dir='ltr'>Β.</span> <span class='ocrx_word' id='word_1_171' title='bbox 1279 1318 1295 1332; x_wconf 83' lang='lat'>‘²¹</span> <span class='ocrx_word' id='word_1_172' title='bbox 1308 1316 1423 1344; x_wconf 74' lang='lat' dir='ltr'>repedavit</span> <span class='ocrx_word' id='word_1_173' title='bbox 1430 1316 1458 1337; x_wconf 79' lang='lat' dir='ltr'>A.</span> <span class='ocrx_word' id='word_1_174' title='bbox 1523 1317 1541 1331; x_wconf 54' lang='grc' dir='ltr'>’Β</span> <span class='ocrx_word' id='word_1_175' title='bbox 1553 1324 1594 1337; x_wconf 82' lang='lat' dir='ltr'>om.</span> <span class='ocrx_word' id='word_1_176' title='bbox 1603 1316 1630 1338; x_wconf 87' lang='lat' dir='ltr'>C.</span> 
     </span>
     <span class='ocr_line' id='line_1_19' title="bbox 280 1346 827 1369; baseline 0.002 -2"><span class='ocrx_word' id='word_1_177' title='bbox 280 1348 300 1362; x_wconf 71' lang='lat'>2³</span> <span class='ocrx_word' id='word_1_178' title='bbox 311 1346 399 1368; x_wconf 78' lang='lat' dir='ltr'>sullime</span> <span class='ocrx_word' id='word_1_179' title='bbox 411 1347 437 1368; x_wconf 90' lang='lat' dir='ltr'>B.</span> <span class='ocrx_word' id='word_1_180' title='bbox 503 1348 521 1363; x_wconf 77' lang='lat'>²¹</span> <span class='ocrx_word' id='word_1_181' title='bbox 534 1347 560 1368; x_wconf 90' lang='lat' dir='ltr'>B.</span> <span class='ocrx_word' id='word_1_182' title='bbox 572 1348 597 1369; x_wconf 90' lang='lat' dir='ltr'>C.</span> <span class='ocrx_word' id='word_1_183' title='bbox 612 1348 638 1368; x_wconf 91' lang='lat' dir='ltr'>D.</span> <span class='ocrx_word' id='word_1_184' title='bbox 672 1348 786 1369; x_wconf 84' lang='lat' dir='ltr'>evemiam</span> <span class='ocrx_word' id='word_1_185' title='bbox 800 1347 827 1368; x_wconf 82' lang='lat' dir='ltr'>A.</span> 
     </span>
     <span class='ocr_line' id='line_1_20' title="bbox 331 1386 1630 1416; baseline 0.002 -9"><span class='ocrx_word' id='word_1_186' title='bbox 331 1386 406 1407; x_wconf 79' lang='lat' dir='ltr'>llitul.</span> <span class='ocrx_word' id='word_1_187' title='bbox 418 1394 459 1409; x_wconf 88' lang='lat' dir='ltr'>om.</span> <span class='ocrx_word' id='word_1_188' title='bbox 478 1387 504 1409; x_wconf 91' lang='lat' dir='ltr'>C.</span> <span class='ocrx_word' id='word_1_189' title='bbox 519 1387 546 1408; x_wconf 94' lang='lat' dir='ltr'>D.</span> <span class='ocrx_word' id='word_1_190' title='bbox 562 1387 585 1408; x_wconf 91' lang='lat' dir='ltr'>F.</span> <span class='ocrx_word' id='word_1_191' title='bbox 600 1387 622 1409; x_wconf 82' lang='lat' dir='ltr'>S.</span> <span class='ocrx_word' id='word_1_192' title='bbox 641 1387 699 1408; x_wconf 83' lang='lat' dir='ltr'>Bou.</span> <span class='ocrx_word' id='word_1_193' title='bbox 718 1388 741 1408; x_wconf 86' lang='lat' dir='ltr'>in</span> <span class='ocrx_word' id='word_1_194' title='bbox 753 1387 832 1416; x_wconf 76' lang='lat' dir='ltr'>quibus</span> <span class='ocrx_word' id='word_1_195' title='bbox 844 1393 891 1415; x_wconf 85' lang='lat' dir='ltr'>cap.</span> <span class='ocrx_word' id='word_1_196' title='bbox 905 1386 970 1408; x_wconf 77' lang='lat' dir='ltr'>xviii.</span> <span class='ocrx_word' id='word_1_197' title='bbox 984 1387 1135 1408; x_wconf 76' lang='lat' dir='ltr'>continuatur,</span> <span class='ocrx_word' id='word_1_198' title='bbox 1208 1388 1217 1400; x_wconf 74' lang='lat'>⁴²</span> <span class='ocrx_word' id='word_1_199' title='bbox 1228 1387 1300 1408; x_wconf 74' lang='lat' dir='ltr'>sancti</span> <span class='ocrx_word' id='word_1_200' title='bbox 1312 1386 1338 1408; x_wconf 82' lang='grc' dir='ltr'>Β.</span> <span class='ocrx_word' id='word_1_201' title='bbox 1405 1388 1414 1402; x_wconf 76' lang='lat'><strong>³</strong></span> <span class='ocrx_word' id='word_1_202' title='bbox 1425 1394 1466 1408; x_wconf 86' lang='lat' dir='ltr'>om.</span> <span class='ocrx_word' id='word_1_203' title='bbox 1482 1387 1509 1408; x_wconf 81' lang='lat' dir='ltr'>I).</span> <span class='ocrx_word' id='word_1_204' title='bbox 1573 1389 1582 1403; x_wconf 68' lang='lat'><strong>⁴</strong></span> <span class='ocrx_word' id='word_1_205' title='bbox 1594 1394 1630 1409; x_wconf 87' lang='lat' dir='ltr'>co-</span> 
     </span>
    </p>
   </div>
   <div class='ocr_carea' id='block_1_8' title="bbox 282 1417 1193 1441">
    <p class='ocr_par' dir='ltr' id='par_1_8' title="bbox 282 1417 1193 1441">
     <span class='ocr_line' id='line_1_21' title="bbox 282 1417 1193 1441; baseline -0.001 -1"><span class='ocrx_word' id='word_1_206' title='bbox 282 1418 358 1440; x_wconf 81' lang='lat' dir='ltr'>lumba</span> <span class='ocrx_word' id='word_1_207' title='bbox 369 1418 422 1439; x_wconf 68' lang='lat' dir='ltr'>add⁴</span> <span class='ocrx_word' id='word_1_208' title='bbox 437 1418 465 1440; x_wconf 84' lang='lat' dir='ltr'>D.</span> <span class='ocrx_word' id='word_1_209' title='bbox 530 1419 559 1434; x_wconf 45' lang='grc' dir='ltr'>ἢ</span> <span class='ocrx_word' id='word_1_210' title='bbox 572 1426 612 1439; x_wconf 82' lang='lat' dir='ltr'>om.</span> <span class='ocrx_word' id='word_1_211' title='bbox 626 1418 651 1441; x_wconf 84' lang='lat' dir='ltr'>C.</span> <span class='ocrx_word' id='word_1_212' title='bbox 665 1419 693 1440; x_wconf 92' lang='lat' dir='ltr'>D.</span> <span class='ocrx_word' id='word_1_213' title='bbox 707 1419 730 1440; x_wconf 80' lang='lat' dir='ltr'>F.</span> <span class='ocrx_word' id='word_1_214' title='bbox 744 1419 767 1440; x_wconf 86' lang='lat' dir='ltr'>S.</span> <span class='ocrx_word' id='word_1_215' title='bbox 831 1417 841 1432; x_wconf 64' lang='grc' dir='ltr'>ὓ</span> <span class='ocrx_word' id='word_1_216' title='bbox 852 1422 899 1440; x_wconf 82' lang='lat' dir='ltr'>cete</span> <span class='ocrx_word' id='word_1_217' title='bbox 911 1418 937 1439; x_wconf 90' lang='lat' dir='ltr'>B.</span> <span class='ocrx_word' id='word_1_218' title='bbox 1006 1419 1014 1432; x_wconf 77' lang='lat'><em>7</em></span> <span class='ocrx_word' id='word_1_219' title='bbox 1026 1418 1156 1439; x_wconf 71' lang='lat' dir='ltr'>ammai-ech</span> <span class='ocrx_word' id='word_1_220' title='bbox 1169 1418 1193 1439; x_wconf 83' lang='lat' dir='ltr'>B.</span> 
     </span>
    </p>
   </div>
   <div class='ocr_carea' id='block_1_9' title="bbox 281 1496 932 1568">
    <p class='ocr_par' dir='ltr' id='par_1_9' title="bbox 281 1496 932 1568">
     <span class='ocr_line' id='line_1_22' title="bbox 281 1496 931 1520; baseline 0.002 -2"><span class='ocrx_word' id='word_1_221' title='bbox 281 1503 331 1519; x_wconf 85' lang='lat' dir='ltr'>was</span> <span class='ocrx_word' id='word_1_222' title='bbox 349 1496 443 1520; x_wconf 82' lang='lat' dir='ltr'>situate</span> <span class='ocrx_word' id='word_1_223' title='bbox 459 1497 483 1519; x_wconf 92' lang='lat' dir='ltr'>in</span> <span class='ocrx_word' id='word_1_224' title='bbox 501 1496 542 1519; x_wconf 84' lang='lat' dir='ltr'>the</span> <span class='ocrx_word' id='word_1_225' title='bbox 559 1496 632 1520; x_wconf 83' lang='lat' dir='ltr'>beart</span> <span class='ocrx_word' id='word_1_226' title='bbox 653 1496 681 1520; x_wconf 77' lang='lat' dir='ltr'>of</span> <span class='ocrx_word' id='word_1_227' title='bbox 695 1496 737 1519; x_wconf 87' lang='lat' dir='ltr'>the</span> <span class='ocrx_word' id='word_1_228' title='bbox 754 1496 854 1520; x_wconf 80' lang='lat' dir='ltr'>ancient</span> <span class='ocrx_word' id='word_1_229' title='bbox 873 1496 931 1520; x_wconf 78' lang='lat' dir='ltr'>Tir-</span> 
     </span>
     <span class='ocr_line' id='line_1_23' title="bbox 282 1537 932 1568; baseline 0 -8"><span class='ocrx_word' id='word_1_230' title='bbox 282 1537 386 1564; x_wconf 81' lang='lat' dir='ltr'>Conaill,</span> <span class='ocrx_word' id='word_1_231' title='bbox 406 1538 448 1560; x_wconf 85' lang='lat' dir='ltr'>the</span> <span class='ocrx_word' id='word_1_232' title='bbox 468 1537 569 1560; x_wconf 83' lang='lat' dir='ltr'>district</span> <span class='ocrx_word' id='word_1_233' title='bbox 586 1537 706 1568; x_wconf 85' lang='lat' dir='ltr'>occupied</span> <span class='ocrx_word' id='word_1_234' title='bbox 722 1538 754 1568; x_wconf 87' lang='lat' dir='ltr'>by</span> <span class='ocrx_word' id='word_1_235' title='bbox 772 1538 814 1560; x_wconf 84' lang='lat' dir='ltr'>the</span> <span class='ocrx_word' id='word_1_236' title='bbox 831 1537 932 1560; x_wconf 82' lang='lat' dir='ltr'>descen-</span> 
     </span>
    </p>
   </div>
   <div class='ocr_carea' id='block_1_10' title="bbox 981 1496 1634 1566">
    <p class='ocr_par' dir='ltr' id='par_1_10' title="bbox 981 1496 1634 1566">
     <span class='ocr_line' id='line_1_24' title="bbox 981 1496 1634 1526; baseline 0.003 -8"><span class='ocrx_word' id='word_1_237' title='bbox 981 1503 1039 1518; x_wconf 81' lang='lat' dir='ltr'>oves</span> <span class='ocrx_word' id='word_1_238' title='bbox 1052 1499 1110 1519; x_wconf 85' lang='lat' dir='ltr'>ante</span> <span class='ocrx_word' id='word_1_239' title='bbox 1122 1503 1147 1518; x_wconf 87' lang='lat' dir='ltr'>se</span> <span class='ocrx_word' id='word_1_240' title='bbox 1157 1496 1260 1526; x_wconf 78' lang='lat' dir='ltr'>abigens</span> <span class='ocrx_word' id='word_1_241' title='bbox 1270 1497 1294 1518; x_wconf 91' lang='lat' dir='ltr'>in</span> <span class='ocrx_word' id='word_1_242' title='bbox 1304 1496 1443 1520; x_wconf 84' lang='lat' dir='ltr'>custodiam</span> <span class='ocrx_word' id='word_1_243' title='bbox 1452 1496 1563 1520; x_wconf 75' lang='lat' dir='ltr'>reclusit.</span> <span class='ocrx_word' id='word_1_244' title='bbox 1591 1498 1634 1520; x_wconf 82' lang='lat' dir='ltr'>Se-</span> 
     </span>
     <span class='ocr_line' id='line_1_25' title="bbox 981 1536 1634 1566; baseline 0.003 -8"><span class='ocrx_word' id='word_1_245' title='bbox 981 1536 1067 1566; x_wconf 80' lang='lat' dir='ltr'>quenti</span> <span class='ocrx_word' id='word_1_246' title='bbox 1079 1539 1163 1558; x_wconf 85' lang='lat' dir='ltr'>autem</span> <span class='ocrx_word' id='word_1_247' title='bbox 1177 1536 1224 1562; x_wconf 84' lang='lat' dir='ltr'>die,</span> <span class='ocrx_word' id='word_1_248' title='bbox 1242 1537 1304 1559; x_wconf 85' lang='lat' dir='ltr'>exiit</span> <span class='ocrx_word' id='word_1_249' title='bbox 1316 1537 1340 1559; x_wconf 88' lang='lat' dir='ltr'>S.</span> <span class='ocrx_word' id='word_1_250' title='bbox 1354 1536 1448 1559; x_wconf 81' lang='lat' dir='ltr'>Albeus</span> <span class='ocrx_word' id='word_1_251' title='bbox 1466 1540 1494 1559; x_wconf 91' lang='lat' dir='ltr'>ut</span> <span class='ocrx_word' id='word_1_252' title='bbox 1510 1537 1634 1560; x_wconf 81' lang='lat' dir='ltr'>salutaret</span> 
     </span>
    </p>
   </div>
   <div class='ocr_carea' id='block_1_11' title="bbox 281 1578 938 2229">
    <p class='ocr_par' dir='ltr' id='par_1_11' title="bbox 281 1578 936 1691">
     <span class='ocr_line' id='line_1_26' title="bbox 282 1578 932 1609; baseline 0 -8"><span class='ocrx_word' id='word_1_253' title='bbox 282 1578 356 1602; x_wconf 81' lang='lat' dir='ltr'>dants</span> <span class='ocrx_word' id='word_1_254' title='bbox 369 1578 396 1602; x_wconf 89' lang='lat' dir='ltr'>of</span> <span class='ocrx_word' id='word_1_255' title='bbox 406 1578 494 1602; x_wconf 85' lang='lat' dir='ltr'>Conall</span> <span class='ocrx_word' id='word_1_256' title='bbox 510 1579 615 1606; x_wconf 72' lang='lat' dir='ltr'>Gulban⁷</span> <span class='ocrx_word' id='word_1_257' title='bbox 635 1579 671 1602; x_wconf 83' lang='lat' dir='ltr'>St.</span> <span class='ocrx_word' id='word_1_258' title='bbox 689 1578 831 1602; x_wconf 87' lang='lat' dir='ltr'>Columba&#39;s</span> <span class='ocrx_word' id='word_1_259' title='bbox 845 1580 932 1609; x_wconf 81' lang='lat' dir='ltr'>great-</span> 
     </span>
     <span class='ocr_line' id='line_1_27' title="bbox 281 1620 936 1651; baseline -0.002 -8"><span class='ocrx_word' id='word_1_260' title='bbox 281 1620 456 1649; x_wconf 82' lang='lat' dir='ltr'>grandfather,</span> <span class='ocrx_word' id='word_1_261' title='bbox 476 1620 524 1643; x_wconf 83' lang='lat' dir='ltr'>and</span> <span class='ocrx_word' id='word_1_262' title='bbox 542 1628 597 1643; x_wconf 84' lang='lat' dir='ltr'>now</span> <span class='ocrx_word' id='word_1_263' title='bbox 608 1620 698 1643; x_wconf 76' lang='lat' dir='ltr'>known</span> <span class='ocrx_word' id='word_1_264' title='bbox 710 1628 738 1643; x_wconf 84' lang='lat' dir='ltr'>as</span> <span class='ocrx_word' id='word_1_265' title='bbox 750 1620 793 1643; x_wconf 88' lang='lat' dir='ltr'>the</span> <span class='ocrx_word' id='word_1_266' title='bbox 805 1623 896 1651; x_wconf 87' lang='lat' dir='ltr'>county</span> <span class='ocrx_word' id='word_1_267' title='bbox 908 1620 936 1643; x_wconf 86' lang='lat' dir='ltr'>of</span> 
     </span>
     <span class='ocr_line' id='line_1_28' title="bbox 282 1660 403 1691; baseline -0.008 -7"><span class='ocrx_word' id='word_1_268' title='bbox 282 1660 403 1691; x_wconf 84' lang='lat' dir='ltr'>Donegal.</span> 
     </span>
    </p>

    <p class='ocr_par' dir='ltr' id='par_1_12' title="bbox 282 1703 938 2229">
     <span class='ocr_line' id='line_1_29' title="bbox 312 1703 932 1734; baseline 0.002 -8"><span class='ocrx_word' id='word_1_269' title='bbox 312 1709 320 1719; x_wconf 52' lang='grc' dir='ltr'><strong>ἒ</strong></span> <span class='ocrx_word' id='word_1_270' title='bbox 332 1703 481 1727; x_wconf 71' lang='grc' dir='ltr'>Μίηὶείνιιεεί</span> <span class='ocrx_word' id='word_1_271' title='bbox 490 1703 686 1734; x_wconf 56' lang='lat' dir='ltr'>hospita-The</span> <span class='ocrx_word' id='word_1_272' title='bbox 695 1704 769 1727; x_wconf 85' lang='lat' dir='ltr'>Lives</span> <span class='ocrx_word' id='word_1_273' title='bbox 782 1704 809 1727; x_wconf 84' lang='lat' dir='ltr'>of</span> <span class='ocrx_word' id='word_1_274' title='bbox 818 1704 860 1727; x_wconf 83' lang='lat' dir='ltr'>the</span> <span class='ocrx_word' id='word_1_275' title='bbox 869 1704 932 1727; x_wconf 84' lang='lat' dir='ltr'>Irish</span> 
     </span>
     <span class='ocr_line' id='line_1_30' title="bbox 283 1744 934 1775; baseline 0 -8"><span class='ocrx_word' id='word_1_276' title='bbox 283 1745 366 1768; x_wconf 79' lang='lat' dir='ltr'>Saints</span> <span class='ocrx_word' id='word_1_277' title='bbox 384 1744 482 1767; x_wconf 83' lang='lat' dir='ltr'>abound</span> <span class='ocrx_word' id='word_1_278' title='bbox 500 1745 560 1767; x_wconf 83' lang='lat' dir='ltr'>with</span> <span class='ocrx_word' id='word_1_279' title='bbox 578 1745 680 1775; x_wconf 76' lang='lat' dir='ltr'>legentis</span> <span class='ocrx_word' id='word_1_280' title='bbox 701 1745 851 1775; x_wconf 75' lang='lat' dir='ltr'>concerning</span> <span class='ocrx_word' id='word_1_281' title='bbox 868 1745 934 1768; x_wconf 87' lang='lat' dir='ltr'>their</span> 
     </span>
     <span class='ocr_line' id='line_1_31' title="bbox 282 1786 933 1817; baseline 0.002 -9"><span class='ocrx_word' id='word_1_282' title='bbox 282 1786 428 1816; x_wconf 84' lang='lat' dir='ltr'>familiarity</span> <span class='ocrx_word' id='word_1_283' title='bbox 446 1786 505 1808; x_wconf 83' lang='lat' dir='ltr'>with</span> <span class='ocrx_word' id='word_1_284' title='bbox 523 1786 601 1809; x_wconf 78' lang='lat' dir='ltr'>birds.</span> <span class='ocrx_word' id='word_1_285' title='bbox 644 1786 689 1809; x_wconf 88' lang='lat' dir='ltr'>See</span> <span class='ocrx_word' id='word_1_286' title='bbox 707 1787 749 1809; x_wconf 83' lang='lat' dir='ltr'>the</span> <span class='ocrx_word' id='word_1_287' title='bbox 767 1790 837 1817; x_wconf 75' lang='lat' dir='ltr'>story</span> <span class='ocrx_word' id='word_1_288' title='bbox 854 1787 882 1810; x_wconf 83' lang='lat' dir='ltr'>of</span> <span class='ocrx_word' id='word_1_289' title='bbox 897 1787 933 1810; x_wconf 84' lang='lat' dir='ltr'>St.</span> 
     </span>
     <span class='ocr_line' id='line_1_32' title="bbox 283 1827 932 1857; baseline 0.003 -8"><span class='ocrx_word' id='word_1_290' title='bbox 283 1827 400 1850; x_wconf 84' lang='lat' dir='ltr'>Mochaoi</span> <span class='ocrx_word' id='word_1_291' title='bbox 414 1827 438 1849; x_wconf 91' lang='lat' dir='ltr'>in</span> <span class='ocrx_word' id='word_1_292' title='bbox 446 1827 488 1850; x_wconf 81' lang='lat' dir='ltr'>the</span> <span class='ocrx_word' id='word_1_293' title='bbox 498 1827 588 1850; x_wconf 84' lang='lat' dir='ltr'>Feilire</span> <span class='ocrx_word' id='word_1_294' title='bbox 601 1827 741 1857; x_wconf 78' lang='lat' dir='ltr'>ofAEngus‚</span> <span class='ocrx_word' id='word_1_295' title='bbox 753 1828 817 1851; x_wconf 87' lang='lat' dir='ltr'>June</span> <span class='ocrx_word' id='word_1_296' title='bbox 828 1835 865 1857; x_wconf 90' lang='lat'>23·</span> <span class='ocrx_word' id='word_1_297' title='bbox 897 1829 932 1851; x_wconf 85' lang='lat' dir='ltr'>St.</span> 
     </span>
     <span class='ocr_line' id='line_1_33' title="bbox 284 1867 933 1898; baseline 0.002 -8"><span class='ocrx_word' id='word_1_298' title='bbox 284 1868 409 1891; x_wconf 73' lang='lat' dir='ltr'>Finnian&#39;s</span> <span class='ocrx_word' id='word_1_299' title='bbox 422 1875 504 1894; x_wconf 86' lang='lat' dir='ltr'>crane,</span> <span class='ocrx_word' id='word_1_300' title='bbox 519 1868 543 1890; x_wconf 91' lang='lat' dir='ltr'>in</span> <span class='ocrx_word' id='word_1_301' title='bbox 556 1867 703 1895; x_wconf 82' lang='lat' dir='ltr'>0&#39;Donne11,</span> <span class='ocrx_word' id='word_1_302' title='bbox 718 1869 742 1891; x_wconf 85' lang='lat' dir='ltr'>ii.</span> <span class='ocrx_word' id='word_1_303' title='bbox 760 1876 777 1891; x_wconf 85' lang='lat'>1.</span> <span class='ocrx_word' id='word_1_304' title='bbox 812 1869 872 1898; x_wconf 88' lang='lat' dir='ltr'>(Tr.</span> <span class='ocrx_word' id='word_1_305' title='bbox 887 1869 933 1891; x_wconf 85' lang='lat' dir='ltr'>Th.</span> 
     </span>
     <span class='ocr_line' id='line_1_34' title="bbox 284 1908 933 1939; baseline 0.002 -8"><span class='ocrx_word' id='word_1_306' title='bbox 284 1916 306 1939; x_wconf 83' lang='lat' dir='ltr'>p.</span> <span class='ocrx_word' id='word_1_307' title='bbox 319 1910 363 1937; x_wconf 82' lang='lat'>408</span> <span class='ocrx_word' id='word_1_308' title='bbox 374 1908 410 1939; x_wconf 81' lang='lat' dir='ltr'>b.)</span> <span class='ocrx_word' id='word_1_309' title='bbox 446 1909 492 1931; x_wconf 79' lang='lat' dir='ltr'>See</span> <span class='ocrx_word' id='word_1_310' title='bbox 511 1909 586 1932; x_wconf 80' lang='lat' dir='ltr'>Trias</span> <span class='ocrx_word' id='word_1_311' title='bbox 601 1909 706 1932; x_wconf 84' lang='lat' dir='ltr'>Thaum.</span> <span class='ocrx_word' id='word_1_312' title='bbox 722 1917 744 1939; x_wconf 88' lang='lat' dir='ltr'>p.</span> <span class='ocrx_word' id='word_1_313' title='bbox 762 1910 807 1938; x_wconf 82' lang='lat'>384</span> <span class='ocrx_word' id='word_1_314' title='bbox 815 1909 835 1938; x_wconf 83' lang='lat' dir='ltr'>b,</span> <span class='ocrx_word' id='word_1_315' title='bbox 854 1917 877 1932; x_wconf 86' lang='lat' dir='ltr'>n.</span> <span class='ocrx_word' id='word_1_316' title='bbox 891 1917 933 1938; x_wconf 85' lang='lat'>34;</span> 
     </span>
     <span class='ocr_line' id='line_1_35' title="bbox 285 1949 934 1980; baseline 0 -7"><span class='ocrx_word' id='word_1_317' title='bbox 285 1951 342 1973; x_wconf 83' lang='lat' dir='ltr'>Act.</span> <span class='ocrx_word' id='word_1_318' title='bbox 356 1950 400 1973; x_wconf 84' lang='lat' dir='ltr'>SS.</span> <span class='ocrx_word' id='word_1_319' title='bbox 412 1957 452 1980; x_wconf 87' lang='lat' dir='ltr'>pp.</span> <span class='ocrx_word' id='word_1_320' title='bbox 466 1956 506 1978; x_wconf 82' lang='lat'>141</span> <span class='ocrx_word' id='word_1_321' title='bbox 519 1949 539 1976; x_wconf 82' lang='lat' dir='ltr'>b,</span> <span class='ocrx_word' id='word_1_322' title='bbox 552 1957 575 1972; x_wconf 93' lang='lat' dir='ltr'>n.</span> <span class='ocrx_word' id='word_1_323' title='bbox 594 1957 628 1980; x_wconf 82' lang='lat'>¹9-</span> <span class='ocrx_word' id='word_1_324' title='bbox 648 1950 709 1973; x_wconf 85' lang='lat' dir='ltr'>Also</span> <span class='ocrx_word' id='word_1_325' title='bbox 726 1950 845 1973; x_wconf 82' lang='lat' dir='ltr'>Giraldus</span> <span class='ocrx_word' id='word_1_326' title='bbox 862 1951 934 1974; x_wconf 83' lang='lat' dir='ltr'>Cam—</span> 
     </span>
     <span class='ocr_line' id='line_1_36' title="bbox 284 1990 934 2022; baseline 0.002 -9"><span class='ocrx_word' id='word_1_327' title='bbox 284 1990 380 2013; x_wconf 85' lang='lat' dir='ltr'>brensis</span> <span class='ocrx_word' id='word_1_328' title='bbox 396 1991 424 2014; x_wconf 79' lang='lat' dir='ltr'>de</span> <span class='ocrx_word' id='word_1_329' title='bbox 439 1990 541 2014; x_wconf 83' lang='lat' dir='ltr'>Falcone</span> <span class='ocrx_word' id='word_1_330' title='bbox 558 1991 821 2022; x_wconf 78' lang='lat' dir='ltr'>Kyldariae.—Topog.</span> <span class='ocrx_word' id='word_1_331' title='bbox 839 1992 897 2014; x_wconf 89' lang='lat' dir='ltr'>Hib.</span> <span class='ocrx_word' id='word_1_332' title='bbox 911 1992 934 2014; x_wconf 87' lang='lat' dir='ltr'>ii.</span> 
     </span>
     <span class='ocr_line' id='line_1_37' title="bbox 287 2033 936 2064; baseline 0.002 -9"><span class='ocrx_word' id='word_1_333' title='bbox 287 2039 313 2061; x_wconf 81' lang='lat'>37</span> <span class='ocrx_word' id='word_1_334' title='bbox 329 2033 364 2062; x_wconf 77' lang='lat' dir='ltr'>(p.</span> <span class='ocrx_word' id='word_1_335' title='bbox 382 2039 435 2063; x_wconf 88' lang='lat'><strong>729,</strong></span> <span class='ocrx_word' id='word_1_336' title='bbox 452 2033 489 2055; x_wconf 86' lang='lat' dir='ltr'>ed.</span> <span class='ocrx_word' id='word_1_337' title='bbox 503 2033 613 2064; x_wconf 76' lang='lat' dir='ltr'>camd).</span> <span class='ocrx_word' id='word_1_338' title='bbox 657 2035 685 2056; x_wconf 87' lang='lat' dir='ltr'>In</span> <span class='ocrx_word' id='word_1_339' title='bbox 706 2034 742 2057; x_wconf 88' lang='lat' dir='ltr'>St.</span> <span class='ocrx_word' id='word_1_340' title='bbox 757 2034 868 2056; x_wconf 83' lang='lat' dir='ltr'>Ailbhe&#39;s</span> <span class='ocrx_word' id='word_1_341' title='bbox 882 2034 936 2057; x_wconf 80' lang='lat' dir='ltr'>Life</span> 
     </span>
     <span class='ocr_line' id='line_1_38' title="bbox 285 2073 936 2104; baseline 0.003 -9"><span class='ocrx_word' id='word_1_342' title='bbox 285 2073 306 2095; x_wconf 87' lang='lat' dir='ltr'>is</span> <span class='ocrx_word' id='word_1_343' title='bbox 318 2080 334 2095; x_wconf 89' lang='lat' dir='ltr'>a</span> <span class='ocrx_word' id='word_1_344' title='bbox 346 2073 444 2096; x_wconf 85' lang='lat' dir='ltr'>cnrious</span> <span class='ocrx_word' id='word_1_345' title='bbox 456 2073 554 2104; x_wconf 85' lang='lat' dir='ltr'>legend,</span> <span class='ocrx_word' id='word_1_346' title='bbox 574 2074 629 2097; x_wconf 85' lang='lat' dir='ltr'>how</span> <span class='ocrx_word' id='word_1_347' title='bbox 641 2082 656 2097; x_wconf 88' lang='lat' dir='ltr'>a</span> <span class='ocrx_word' id='word_1_348' title='bbox 667 2074 731 2097; x_wconf 82' lang='lat' dir='ltr'>floek</span> <span class='ocrx_word' id='word_1_349' title='bbox 749 2074 776 2098; x_wconf 83' lang='lat' dir='ltr'>of</span> <span class='ocrx_word' id='word_1_350' title='bbox 790 2082 878 2098; x_wconf 81' lang='lat' dir='ltr'>cranes</span> <span class='ocrx_word' id='word_1_351' title='bbox 894 2075 936 2097; x_wconf 85' lang='lat' dir='ltr'>de-</span> 
     </span>
     <span class='ocr_line' id='line_1_39' title="bbox 286 2113 934 2146; baseline 0.005 -11"><span class='ocrx_word' id='word_1_352' title='bbox 286 2113 388 2144; x_wconf 82' lang='lat' dir='ltr'>stroyed</span> <span class='ocrx_word' id='word_1_353' title='bbox 398 2114 439 2136; x_wconf 86' lang='lat' dir='ltr'>the</span> <span class='ocrx_word' id='word_1_354' title='bbox 447 2114 495 2144; x_wconf 85' lang='lat' dir='ltr'>hay</span> <span class='ocrx_word' id='word_1_355' title='bbox 503 2114 551 2137; x_wconf 89' lang='lat' dir='ltr'>and</span> <span class='ocrx_word' id='word_1_356' title='bbox 559 2115 632 2145; x_wconf 82' lang='lat' dir='ltr'>grain</span> <span class='ocrx_word' id='word_1_357' title='bbox 640 2115 667 2138; x_wconf 83' lang='lat' dir='ltr'>of</span> <span class='ocrx_word' id='word_1_358' title='bbox 674 2115 715 2138; x_wconf 83' lang='lat' dir='ltr'>the</span> <span class='ocrx_word' id='word_1_359' title='bbox 723 2115 934 2146; x_wconf 85' lang='lat' dir='ltr'>neighbourhood,</span> 
     </span>
     <span class='ocr_line' id='line_1_40' title="bbox 286 2155 937 2187; baseline 0.002 -9"><span class='ocrx_word' id='word_1_360' title='bbox 286 2155 335 2178; x_wconf 78' lang='lat' dir='ltr'>and</span> <span class='ocrx_word' id='word_1_361' title='bbox 346 2163 412 2185; x_wconf 86' lang='lat' dir='ltr'>upon</span> <span class='ocrx_word' id='word_1_362' title='bbox 424 2156 466 2178; x_wconf 84' lang='lat' dir='ltr'>the</span> <span class='ocrx_word' id='word_1_363' title='bbox 482 2156 548 2178; x_wconf 83' lang='lat' dir='ltr'>saint</span> <span class='ocrx_word' id='word_1_364' title='bbox 560 2156 665 2187; x_wconf 85' lang='lat' dir='ltr'>sending</span> <span class='ocrx_word' id='word_1_365' title='bbox 679 2156 716 2179; x_wconf 85' lang='lat' dir='ltr'>his</span> <span class='ocrx_word' id='word_1_366' title='bbox 732 2156 866 2179; x_wconf 84' lang='lat' dir='ltr'>attendant</span> <span class='ocrx_word' id='word_1_367' title='bbox 878 2156 937 2179; x_wconf 87' lang='lat' dir='ltr'>Bui-</span> 
     </span>
     <span class='ocr_line' id='line_1_41' title="bbox 286 2196 938 2229; baseline 0.003 -10"><span class='ocrx_word' id='word_1_368' title='bbox 286 2197 373 2220; x_wconf 82' lang='lat' dir='ltr'>airnen</span> <span class='ocrx_word' id='word_1_369' title='bbox 384 2200 411 2220; x_wconf 88' lang='lat' dir='ltr'>to</span> <span class='ocrx_word' id='word_1_370' title='bbox 422 2196 490 2220; x_wconf 82' lang='lat' dir='ltr'>fetch</span> <span class='ocrx_word' id='word_1_371' title='bbox 501 2197 576 2224; x_wconf 74' lang='lat' dir='ltr'>them,</span> <span class='ocrx_word' id='word_1_372' title='bbox 592 2197 706 2221; x_wconf 70' lang='lat' dir='ltr'>“Exiens</span> <span class='ocrx_word' id='word_1_373' title='bbox 722 2197 762 2220; x_wconf 90' lang='lat' dir='ltr'>ille</span> <span class='ocrx_word' id='word_1_374' title='bbox 779 2205 854 2229; x_wconf 83' lang='lat' dir='ltr'>grues</span> <span class='ocrx_word' id='word_1_375' title='bbox 870 2198 938 2221; x_wconf 82' lang='lat' dir='ltr'>velut</span> 
     </span>
    </p>
   </div>
   <div class='ocr_carea' id='block_1_12' title="bbox 981 1578 1640 2231">
    <p class='ocr_par' dir='ltr' id='par_1_13' title="bbox 981 1578 1635 1820">
     <span class='ocr_line' id='line_1_42' title="bbox 981 1578 1634 1609; baseline 0.002 -9"><span class='ocrx_word' id='word_1_376' title='bbox 981 1585 1064 1607; x_wconf 83' lang='lat' dir='ltr'>grues,</span> <span class='ocrx_word' id='word_1_377' title='bbox 1075 1578 1167 1604; x_wconf 82' lang='lat' dir='ltr'>dicens,</span> <span class='ocrx_word' id='word_1_378' title='bbox 1181 1578 1299 1601; x_wconf 81' lang='lat' dir='ltr'>Recedite</span> <span class='ocrx_word' id='word_1_379' title='bbox 1308 1586 1323 1601; x_wconf 86' lang='lat' dir='ltr'>a</span> <span class='ocrx_word' id='word_1_380' title='bbox 1332 1578 1420 1601; x_wconf 85' lang='lat' dir='ltr'>finibus</span> <span class='ocrx_word' id='word_1_381' title='bbox 1428 1578 1491 1605; x_wconf 85' lang='lat' dir='ltr'>istis,</span> <span class='ocrx_word' id='word_1_382' title='bbox 1504 1582 1528 1601; x_wconf 86' lang='lat' dir='ltr'>et</span> <span class='ocrx_word' id='word_1_383' title='bbox 1539 1578 1634 1609; x_wconf 81' lang='lat' dir='ltr'>disper-</span> 
     </span>
     <span class='ocr_line' id='line_1_43' title="bbox 981 1621 1634 1651; baseline 0.003 -8"><span class='ocrx_word' id='word_1_384' title='bbox 981 1621 1034 1651; x_wconf 79' lang='lat' dir='ltr'>gite</span> <span class='ocrx_word' id='word_1_385' title='bbox 1046 1621 1147 1644; x_wconf 83' lang='lat' dir='ltr'>turbam</span> <span class='ocrx_word' id='word_1_386' title='bbox 1162 1624 1272 1644; x_wconf 81' lang='lat' dir='ltr'>vestram</span> <span class='ocrx_word' id='word_1_387' title='bbox 1285 1622 1309 1644; x_wconf 92' lang='lat' dir='ltr'>in</span> <span class='ocrx_word' id='word_1_388' title='bbox 1321 1621 1427 1644; x_wconf 84' lang='lat' dir='ltr'>diversis</span> <span class='ocrx_word' id='word_1_389' title='bbox 1439 1622 1508 1645; x_wconf 86' lang='lat' dir='ltr'>locis.</span> <span class='ocrx_word' id='word_1_390' title='bbox 1543 1622 1634 1645; x_wconf 89' lang='lat' dir='ltr'>Statim</span> 
     </span>
     <span class='ocr_line' id='line_1_44' title="bbox 983 1662 1635 1693; baseline 0.002 -9"><span class='ocrx_word' id='word_1_391' title='bbox 983 1669 1042 1685; x_wconf 84' lang='lat' dir='ltr'>vero</span> <span class='ocrx_word' id='word_1_392' title='bbox 1054 1662 1198 1685; x_wconf 86' lang='lat' dir='ltr'>obedientes</span> <span class='ocrx_word' id='word_1_393' title='bbox 1209 1662 1256 1685; x_wconf 84' lang='lat' dir='ltr'>hue</span> <span class='ocrx_word' id='word_1_394' title='bbox 1268 1662 1375 1693; x_wconf 85' lang='lat' dir='ltr'>illucque</span> <span class='ocrx_word' id='word_1_395' title='bbox 1387 1663 1411 1686; x_wconf 91' lang='lat' dir='ltr'>in</span> <span class='ocrx_word' id='word_1_396' title='bbox 1423 1670 1533 1693; x_wconf 85' lang='lat' dir='ltr'>gronnas</span> <span class='ocrx_word' id='word_1_397' title='bbox 1546 1663 1635 1686; x_wconf 85' lang='lat' dir='ltr'>divise-</span> 
     </span>
     <span class='ocr_line' id='line_1_45' title="bbox 982 1703 1634 1733; baseline 0.002 -7"><span class='ocrx_word' id='word_1_398' title='bbox 982 1706 1042 1726; x_wconf 84' lang='lat' dir='ltr'>runt</span> <span class='ocrx_word' id='word_1_399' title='bbox 1063 1703 1112 1726; x_wconf 80' lang='lat' dir='ltr'>se.&#39;&#39;</span> <span class='ocrx_word' id='word_1_400' title='bbox 1146 1703 1189 1732; x_wconf 81' lang='lat' dir='ltr'>(E.</span> <span class='ocrx_word' id='word_1_401' title='bbox 1209 1711 1230 1733; x_wconf 83' lang='lat'>3.</span> <span class='ocrx_word' id='word_1_402' title='bbox 1252 1711 1289 1731; x_wconf 76' lang='lat'>11,</span> <span class='ocrx_word' id='word_1_403' title='bbox 1313 1704 1384 1727; x_wconf 84' lang='lat' dir='ltr'>Triu.</span> <span class='ocrx_word' id='word_1_404' title='bbox 1408 1704 1470 1727; x_wconf 84' lang='lat' dir='ltr'>Con.</span> <span class='ocrx_word' id='word_1_405' title='bbox 1495 1704 1569 1727; x_wconf 86' lang='lat' dir='ltr'>Dubl.</span> <span class='ocrx_word' id='word_1_406' title='bbox 1594 1705 1634 1727; x_wconf 79' lang='lat' dir='ltr'>fol.</span> 
     </span>
     <span class='ocr_line' id='line_1_46' title="bbox 984 1746 1635 1779; baseline 0.005 -11"><span class='ocrx_word' id='word_1_407' title='bbox 984 1752 1028 1775; x_wconf 80' lang='lat'>135</span> <span class='ocrx_word' id='word_1_408' title='bbox 1038 1746 1095 1775; x_wconf 85' lang='grc' dir='ltr'>αα.)</span> <span class='ocrx_word' id='word_1_409' title='bbox 1131 1746 1185 1769; x_wconf 90' lang='lat' dir='ltr'>The</span> <span class='ocrx_word' id='word_1_410' title='bbox 1198 1747 1287 1777; x_wconf 83' lang='lat' dir='ltr'>legend</span> <span class='ocrx_word' id='word_1_411' title='bbox 1300 1747 1328 1770; x_wconf 85' lang='lat' dir='ltr'>of</span> <span class='ocrx_word' id='word_1_412' title='bbox 1338 1748 1374 1771; x_wconf 86' lang='lat' dir='ltr'>St.</span> <span class='ocrx_word' id='word_1_413' title='bbox 1388 1747 1527 1771; x_wconf 81' lang='lat' dir='ltr'>Brendan&#39;s</span> <span class='ocrx_word' id='word_1_414' title='bbox 1540 1756 1635 1779; x_wconf 83' lang='lat' dir='ltr'>voyage</span> 
     </span>
     <span class='ocr_line' id='line_1_47' title="bbox 983 1787 1619 1820; baseline 0.005 -11"><span class='ocrx_word' id='word_1_415' title='bbox 983 1788 1003 1810; x_wconf 86' lang='lat' dir='ltr'>is</span> <span class='ocrx_word' id='word_1_416' title='bbox 1016 1787 1148 1818; x_wconf 82' lang='lat' dir='ltr'>especially</span> <span class='ocrx_word' id='word_1_417' title='bbox 1158 1788 1210 1811; x_wconf 88' lang='lat' dir='ltr'>rich</span> <span class='ocrx_word' id='word_1_418' title='bbox 1223 1790 1248 1811; x_wconf 85' lang='lat' dir='ltr'>in</span> <span class='ocrx_word' id='word_1_419' title='bbox 1260 1789 1368 1812; x_wconf 80' lang='lat' dir='ltr'>marvels</span> <span class='ocrx_word' id='word_1_420' title='bbox 1381 1791 1531 1820; x_wconf 80' lang='lat' dir='ltr'>eoncerning</span> <span class='ocrx_word' id='word_1_421' title='bbox 1543 1790 1619 1813; x_wconf 84' lang='lat' dir='ltr'>birds.</span> 
     </span>
    </p>

    <p class='ocr_par' dir='ltr' id='par_1_14' title="bbox 984 1828 1637 2189">
     <span class='ocr_line' id='line_1_48' title="bbox 1015 1828 1637 1860; baseline 0.006 -9"><span class='ocrx_word' id='word_1_422' title='bbox 1015 1833 1024 1844; x_wconf 72' lang='lat'>⁸</span> <span class='ocrx_word' id='word_1_423' title='bbox 1036 1828 1119 1851; x_wconf 75' lang='lat' dir='ltr'>Dorso</span> <span class='ocrx_word' id='word_1_424' title='bbox 1143 1829 1212 1852; x_wconf 68' lang='lat' dir='ltr'>Ceno</span> <span class='ocrx_word' id='word_1_425' title='bbox 1234 1830 1477 1854; x_wconf 63' lang='lat' dir='ltr'>condictum-Hib.</span> <span class='ocrx_word' id='word_1_426' title='bbox 1509 1832 1637 1860; x_wconf 62' lang='lat' dir='ltr'>monnau</span> 
     </span>
     <span class='ocr_line' id='line_1_49' title="bbox 984 1866 1635 1901; baseline 0.005 -8"><span class='ocrx_word' id='word_1_427' title='bbox 984 1866 1089 1899; x_wconf 75' lang='lat' dir='ltr'>Dnomo</span> <span class='ocrx_word' id='word_1_428' title='bbox 1107 1877 1202 1897; x_wconf 69' lang='lat' dir='ltr'>ceute,</span> <span class='ocrx_word' id='word_1_429' title='bbox 1225 1875 1231 1885; x_wconf 84' lang='lat'><strong>⁴</strong></span> <span class='ocrx_word' id='word_1_430' title='bbox 1244 1872 1400 1895; x_wconf 82' lang='lat' dir='ltr'>Convention</span> <span class='ocrx_word' id='word_1_431' title='bbox 1411 1873 1439 1895; x_wconf 85' lang='lat' dir='ltr'>of</span> <span class='ocrx_word' id='word_1_432' title='bbox 1451 1873 1635 1901; x_wconf 70' lang='lat' dir='ltr'>Druim-ceatt,&#39;</span> 
     </span>
     <span class='ocr_line' id='line_1_50' title="bbox 984 1909 1635 1943; baseline 0.006 -11"><span class='ocrx_word' id='word_1_433' title='bbox 984 1909 1040 1933; x_wconf 85' lang='lat' dir='ltr'>held</span> <span class='ocrx_word' id='word_1_434' title='bbox 1056 1911 1084 1932; x_wconf 84' lang='lat' dir='ltr'>A.</span> <span class='ocrx_word' id='word_1_435' title='bbox 1094 1911 1124 1933; x_wconf 92' lang='lat' dir='ltr'>D.</span> <span class='ocrx_word' id='word_1_436' title='bbox 1138 1918 1191 1939; x_wconf 35' lang='lat'>575*</span> <span class='ocrx_word' id='word_1_437' title='bbox 1227 1911 1273 1934; x_wconf 86' lang='lat' dir='ltr'>See</span> <span class='ocrx_word' id='word_1_438' title='bbox 1291 1912 1362 1942; x_wconf 84' lang='lat' dir='ltr'>chap.</span> <span class='ocrx_word' id='word_1_439' title='bbox 1383 1920 1418 1939; x_wconf 82' lang='grc' dir='ltr'>ιο,</span> <span class='ocrx_word' id='word_1_440' title='bbox 1437 1920 1510 1943; x_wconf 78' lang='lat' dir='ltr'>supra</span> <span class='ocrx_word' id='word_1_441' title='bbox 1529 1913 1564 1943; x_wconf 88' lang='lat' dir='ltr'>(p.</span> <span class='ocrx_word' id='word_1_442' title='bbox 1585 1914 1635 1943; x_wconf 68' lang='lat'>37),</span> 
     </span>
     <span class='ocr_line' id='line_1_51' title="bbox 985 1951 1637 1983; baseline 0.006 -10"><span class='ocrx_word' id='word_1_443' title='bbox 985 1951 1038 1974; x_wconf 87' lang='lat' dir='ltr'>also</span> <span class='ocrx_word' id='word_1_444' title='bbox 1048 1952 1071 1974; x_wconf 89' lang='lat' dir='ltr'>ii.</span> <span class='ocrx_word' id='word_1_445' title='bbox 1081 1951 1102 1980; x_wconf 88' lang='lat'>6,</span> <span class='ocrx_word' id='word_1_446' title='bbox 1114 1953 1188 1982; x_wconf 83' lang='lat' dir='ltr'>infra.</span> <span class='ocrx_word' id='word_1_447' title='bbox 1224 1952 1404 1983; x_wconf 77' lang='lat' dir='ltr'>Messingham,</span> <span class='ocrx_word' id='word_1_448' title='bbox 1415 1957 1459 1977; x_wconf 83' lang='lat' dir='ltr'>not</span> <span class='ocrx_word' id='word_1_449' title='bbox 1471 1954 1637 1977; x_wconf 82' lang='lat' dir='ltr'>understand-</span> 
     </span>
     <span class='ocr_line' id='line_1_52' title="bbox 985 1993 1636 2024; baseline 0.006 -9"><span class='ocrx_word' id='word_1_450' title='bbox 985 1993 1028 2023; x_wconf 85' lang='lat' dir='ltr'>ing</span> <span class='ocrx_word' id='word_1_451' title='bbox 1041 1993 1084 2016; x_wconf 86' lang='lat' dir='ltr'>the</span> <span class='ocrx_word' id='word_1_452' title='bbox 1097 1993 1207 2016; x_wconf 74' lang='lat' dir='ltr'>author&#39;s</span> <span class='ocrx_word' id='word_1_453' title='bbox 1218 2001 1262 2016; x_wconf 87' lang='lat' dir='ltr'>use</span> <span class='ocrx_word' id='word_1_454' title='bbox 1274 1994 1302 2017; x_wconf 81' lang='lat' dir='ltr'>of</span> <span class='ocrx_word' id='word_1_455' title='bbox 1312 1995 1352 2017; x_wconf 85' lang='lat' dir='ltr'>the</span> <span class='ocrx_word' id='word_1_456' title='bbox 1362 1995 1430 2018; x_wconf 79' lang='lat' dir='ltr'>word</span> <span class='ocrx_word' id='word_1_457' title='bbox 1442 1996 1579 2024; x_wconf 75' lang='lat' dir='ltr'>condictum,</span> <span class='ocrx_word' id='word_1_458' title='bbox 1592 1996 1636 2019; x_wconf 84' lang='lat' dir='ltr'>has</span> 
     </span>
     <span class='ocr_line' id='line_1_53' title="bbox 985 2034 1633 2067; baseline 0.006 -12"><span class='ocrx_word' id='word_1_459' title='bbox 985 2034 1124 2064; x_wconf 78' lang='lat' dir='ltr'>suggested</span> <span class='ocrx_word' id='word_1_460' title='bbox 1140 2035 1275 2064; x_wconf 76' lang='lat' dir='ltr'>conflictum</span> <span class='ocrx_word' id='word_1_461' title='bbox 1292 2035 1317 2058; x_wconf 89' lang='lat' dir='ltr'>in</span> <span class='ocrx_word' id='word_1_462' title='bbox 1334 2035 1377 2058; x_wconf 86' lang='lat' dir='ltr'>the</span> <span class='ocrx_word' id='word_1_463' title='bbox 1394 2037 1492 2066; x_wconf 83' lang='lat' dir='ltr'>margin</span> <span class='ocrx_word' id='word_1_464' title='bbox 1505 2037 1633 2067; x_wconf 83' lang='lat' dir='ltr'>(Florileg.</span> 
     </span>
     <span class='ocr_line' id='line_1_54' title="bbox 985 2074 1636 2106; baseline 0.005 -9"><span class='ocrx_word' id='word_1_465' title='bbox 985 2082 1009 2105; x_wconf 88' lang='lat' dir='ltr'>p.</span> <span class='ocrx_word' id='word_1_466' title='bbox 1024 2081 1065 2103; x_wconf 81' lang='lat'>157</span> <span class='ocrx_word' id='word_1_467' title='bbox 1080 2074 1114 2105; x_wconf 80' lang='lat' dir='ltr'>h),</span> <span class='ocrx_word' id='word_1_468' title='bbox 1134 2082 1149 2098; x_wconf 85' lang='lat' dir='ltr'>a</span> <span class='ocrx_word' id='word_1_469' title='bbox 1166 2079 1232 2098; x_wconf 87' lang='lat' dir='ltr'>most</span> <span class='ocrx_word' id='word_1_470' title='bbox 1244 2076 1360 2106; x_wconf 86' lang='lat' dir='ltr'>unhappy</span> <span class='ocrx_word' id='word_1_471' title='bbox 1372 2077 1537 2104; x_wconf 77' lang='lat' dir='ltr'>emendation,</span> <span class='ocrx_word' id='word_1_472' title='bbox 1552 2085 1580 2100; x_wconf 86' lang='lat' dir='ltr'>as</span> <span class='ocrx_word' id='word_1_473' title='bbox 1595 2078 1636 2100; x_wconf 79' lang='lat' dir='ltr'>the</span> 
     </span>
     <span class='ocr_line' id='line_1_55' title="bbox 986 2116 1635 2148; baseline 0.005 -9"><span class='ocrx_word' id='word_1_474' title='bbox 986 2116 1066 2139; x_wconf 85' lang='lat' dir='ltr'>result</span> <span class='ocrx_word' id='word_1_475' title='bbox 1078 2117 1106 2139; x_wconf 84' lang='lat' dir='ltr'>of</span> <span class='ocrx_word' id='word_1_476' title='bbox 1115 2117 1157 2139; x_wconf 85' lang='lat' dir='ltr'>the</span> <span class='ocrx_word' id='word_1_477' title='bbox 1170 2117 1326 2140; x_wconf 83' lang='lat' dir='ltr'>Convention</span> <span class='ocrx_word' id='word_1_478' title='bbox 1338 2118 1366 2141; x_wconf 82' lang='lat' dir='ltr'>of</span> <span class='ocrx_word' id='word_1_479' title='bbox 1376 2119 1525 2141; x_wconf 68' lang='lat' dir='ltr'>Drumcentt</span> <span class='ocrx_word' id='word_1_480' title='bbox 1537 2126 1635 2148; x_wconf 80' lang='lat' dir='ltr'>proves.</span> 
     </span>
     <span class='ocr_line' id='line_1_56' title="bbox 988 2157 1505 2189; baseline 0.002 -9"><span class='ocrx_word' id='word_1_481' title='bbox 988 2158 1028 2181; x_wconf 90' lang='lat' dir='ltr'>On</span> <span class='ocrx_word' id='word_1_482' title='bbox 1039 2158 1082 2180; x_wconf 88' lang='lat' dir='ltr'>the</span> <span class='ocrx_word' id='word_1_483' title='bbox 1095 2157 1163 2181; x_wconf 85' lang='lat' dir='ltr'>word</span> <span class='ocrx_word' id='word_1_484' title='bbox 1176 2158 1307 2181; x_wconf 78' lang='lat' dir='ltr'>condictum</span> <span class='ocrx_word' id='word_1_485' title='bbox 1321 2166 1360 2181; x_wconf 82' lang='lat' dir='ltr'>see</span> <span class='ocrx_word' id='word_1_486' title='bbox 1374 2159 1505 2189; x_wconf 77' lang='lat' dir='ltr'>Glossary.</span> 
     </span>
    </p>

    <p class='ocr_par' dir='ltr' id='par_1_15' title="bbox 1018 2198 1640 2231">
     <span class='ocr_line' id='line_1_57' title="bbox 1018 2198 1640 2231; baseline 0.002 -10"><span class='ocrx_word' id='word_1_487' title='bbox 1018 2199 1029 2214; x_wconf 69' lang='lat' dir='ltr'>b</span> <span class='ocrx_word' id='word_1_488' title='bbox 1041 2198 1157 2229; x_wconf 84' lang='lat' dir='ltr'>Aidifilii</span> <span class='ocrx_word' id='word_1_489' title='bbox 1169 2199 1393 2223; x_wconf 74' lang='lat' dir='ltr'>Ainmurech.-He</span> <span class='ocrx_word' id='word_1_490' title='bbox 1406 2207 1456 2223; x_wconf 83' lang='lat' dir='ltr'>was</span> <span class='ocrx_word' id='word_1_491' title='bbox 1469 2200 1599 2231; x_wconf 87' lang='lat' dir='ltr'>sovereign</span> <span class='ocrx_word' id='word_1_492' title='bbox 1613 2200 1640 2223; x_wconf 88' lang='lat' dir='ltr'>of</span> 
     </span>
    </p>
   </div>
   <div class='ocr_carea' id='block_1_13' title="bbox 936 2239 1005 2270">
    <p class='ocr_par' dir='ltr' id='par_1_16' title="bbox 936 2239 1005 2270">
     <span class='ocr_line' id='line_1_58' title="bbox 936 2239 1005 2270; baseline 0.014 -1"><span class='ocrx_word' id='word_1_493' title='bbox 936 2239 1005 2270; x_wconf 83' lang='lat' dir='ltr'>N2</span> 
     </span>
    </p>
   </div>
  </div>
 </body>
</html>
