1850 2692
263 326 331 370 380

751 324 958 360 Additz'onal
972 324 1019 360 N
1015 331 1090 361 otes.
1561 337 1600 375 [0.

394 421 542 442 nominandus
553 424 615 448 pater
626 427 652 441 ac
663 420 764 441 sacerdos
775 419 891 448 Ecgberct,
903 421 968 449 cujus
979 422 1079 449 superius
1094 421 1224 444 memoriam
1236 423 1317 450 saepius
1331 423 1429 451 fecimus,
1445 424 1563 446 honorifice
1574 425 1603 446 ab

392 462 424 483 eis
435 464 457 483 et
468 461 538 482 multo
550 467 600 482 cum
611 460 694 487 gaudio
705 462 820 487 susceptus
830 462 870 481 est.
889 460 933 486 Qui
942 461 1047 488 quoniam
1058 464 1080 483 et
1091 462 1168 483 doctor
1179 462 1330 489 suavissimus,
1343 465 1365 484 et
1376 469 1451 484 eorum
1460 471 1509 492 quae
1518 465 1604 492 agenda

393 503 485 524 docebat
501 504 549 523 erat
564 503 683 522 exsecutor
699 499 861 525 devotissimus,
876 500 971 522 libenter
990 501 1080 522 auditus
1096 501 1125 522 ab
1142 501 1258 527 universis,
1277 502 1407 524 immutavit
1423 503 1464 530 piis
1481 510 1506 525 ac
1522 503 1604 526 sedulis

392 542 585 565 exhortationibus
600 541 749 562 inveteratam
765 540 827 561 illam
844 541 986 562 traditionem
1003 544 1121 569 parentum
1138 549 1220 569 eorum,
1237 543 1263 564 de
1281 543 1361 571 quibus
1377 543 1523 571 apostolicum
1539 544 1603 566 illum

393 583 445 605 licet
456 583 551 611 proferre
562 588 692 608 sermonem,
705 582 764 609 quod
776 581 941 603 aemulationem
954 582 995 604 Dei
1006 583 1127 610 habebant,
1141 584 1178 605 sed
1190 590 1234 605 non
1245 584 1368 605 secundum
1379 585 1493 606 scientiam
1503 593 1508 611 ;
1526 586 1602 607 catho-

389 624 474 651 licoque
487 623 542 649 illos,
555 626 623 650 atque
637 621 760 649 apostolico
770 628 831 643 more
842 622 1016 649 celebrationem,
1030 626 1053 644 at
1064 623 1171 650 diximus,
1185 624 1301 651 praeeipuae
1313 624 1468 646 sollemnitatis
1478 626 1520 647 sub
1530 626 1604 654 figura

392 671 477 686 coronae
492 664 588 691 perpetis
602 670 669 691 agere
684 663 806 691 perdocuit.
837 662 902 689 Quod
918 664 975 685 mira
988 664 1070 686 divinae
1083 667 1172 686 constat
1188 665 1273 686 factum
1288 665 1451 693 dispensatione
1465 666 1561 693 pietatis,
1578 669 1604 688 ut

391 704 496 732 quoniam
512 710 567 732 gens
583 703 621 724 illa
632 709 701 731 quam
717 706 812 725 noverat
827 703 944 725 scientiam
959 704 1041 725 divinae
1056 704 1190 732 cognitionis
1204 704 1299 726 libenter
1314 712 1340 727 ac
1353 706 1401 727 sine
1415 705 1502 728 invidia
1516 706 1604 734 populis

391 744 517 772 Anglorum
533 742 698 764 communicare
714 743 814 764 curavit:
837 743 885 770 ipsa
900 749 987 771 quoque
1003 744 1145 771 postmodum
1161 751 1201 772 per
1216 748 1306 773 gentem
1323 745 1449 774 Anglorum
1466 746 1490 767 in
1506 746 1537 768 eis
1553 753 1602 774 quae

390 785 464 806 minus
474 784 590 811 habuerat,
603 783 631 805 ad
642 783 763 811 perfectam
775 784 865 805 vivendi
877 790 977 805 normam
989 785 1135 812 perveniret.”

439 827 453 838 “
461 826 608 853 susceperuut
615 828 689 847 autem
697 825 800 847 Hiienses
810 826 919 853 monachi,
933 826 1024 848 docente
1035 827 1165 855 Ecgbercto‚
1178 827 1332 849 ritusviveudi
1344 827 1465 849 catholicos
1472 828 1513 849 sub
1522 828 1603 849 abbate

391 867 540 892 Dunnchado‚
553 869 603 894 post
614 873 684 888 annos
700 866 786 888 circiter
796 866 919 894 octoginta,
931 873 960 888 ex
976 874 1020 895 quo
1034 868 1062 889 ad
1074 868 1253 895 praedicationem
1268 869 1341 896 gentis
1351 868 1476 897 Anglorum
1488 868 1602 890 Aidanum

391 908 498 929 miserant
508 907 638 929 antistitem.
661 907 746 928 Mansit
757 910 832 929 autem
843 908 879 929 vir
890 908 981 930 Domini
993 908 1103 937 Ecgberct
1111 916 1180 931 anuos
1189 909 1293 931 tredecim
1305 909 1327 931 in
1338 910 1432 937 praet'ata
1442 909 1522 931 insula.
1534 916 1602 937 quam

390 950 436 978 ipse
447 949 509 971 velut
520 956 579 971 nova
593 949 690 977 quadam
705 949 816 971 relucente
827 950 900 977 gratia
913 949 1065 972 ecclesiasticae
1080 950 1190 972 societatis
1205 952 1228 972 et
1239 951 1299 978 pacis
1314 950 1403 972 Christo
1421 952 1600 976 consecraverat3

390 997 492 1019 annoque
504 990 627 1012 Dominicae
639 989 796 1010 incarnationis
807 989 1003 1017 septingentesimo
1014 990 1119 1011 vicesimo
1130 996 1197 1015 nouo,
1211 997 1255 1018 quo
1271 990 1354 1018 paseha
1365 990 1506 1012 Dominicum
1522 993 1602 1011 octavo

389 1032 536 1054 kalendarum
549 1031 660 1052 Maiarum
672 1030 707 1051 die
717 1030 847 1057 celebratur,
860 1037 912 1051 cum
923 1031 1043 1052 missarum
1059 1030 1175 1052 sollemnia
1190 1031 1214 1052 in
1225 1031 1356 1052 memoriam
1367 1031 1466 1059 ejusdem
1478 1030 1602 1052 Dominicae

390 1071 554 1094 resurrectionis
569 1070 706 1096 celebrasset,
719 1070 795 1091 eodem
810 1069 846 1090 die
860 1072 881 1090 et
892 1069 939 1096 ipse
950 1069 1058 1097 mig-ravit
1073 1069 1101 1091 ad
1113 1069 1242 1097 Dominum,
1255 1076 1280 1091 ac
1289 1070 1397 1098 gaudium
1412 1077 1504 1091 summae
1516 1069 1600 1091 festivi-

391 1114 444 1136 tatis
455 1114 513 1142 quod
525 1119 575 1134 cum
584 1111 691 1133 fratribus
702 1117 756 1139 quos
766 1111 795 1132 ad
807 1111 900 1132 unitatis
911 1111 1008 1139 gratiam
1020 1113 1166 1138 converterat,
1175 1111 1297 1137 inchoavit,
1312 1117 1363 1132 cum
1375 1110 1472 1132 Domino
1483 1113 1505 1132 et
1513 1114 1601 1138 aposto-

390 1157 418 1178 lis
429 1156 548 1183 ceterisque
559 1154 607 1175 caeli
618 1153 706 1175 civibus
716 1153 842 1180 complevit,
855 1153 924 1174 immo
936 1153 1032 1180 idipsum
1044 1152 1152 1174 celebrare
1163 1153 1210 1174 sine
1221 1153 1264 1174 fine
1279 1159 1324 1174 non
1335 1152 1422 1174 desinit.
1455 1151 1514 1173 Mira
1526 1155 1601 1173 autem

389 1197 472 1219 divinae
488 1195 621 1223 dispensatio
636 1194 768 1222 provisionis
784 1197 838 1219 erat,
857 1194 915 1221 quod
926 1193 1058 1215 venerabilis
1074 1193 1110 1214 vir
1125 1199 1169 1214 non
1181 1192 1252 1214 solum
1264 1193 1286 1214 iu
1303 1193 1385 1220 pascha
1401 1193 1505 1214 transivit
1522 1193 1548 1214 de
1559 1192 1602 1213 hoc

388 1237 472 1259 mundo
483 1237 511 1258 ad
524 1236 613 1257 Patrem
624 1243 629 1261 3
648 1241 724 1256 verum
736 1234 803 1255 etiam
816 1240 866 1254 curn
878 1240 903 1254 eo
914 1233 949 1254 die
960 1233 1042 1260 pascha
1051 1233 1204 1260 celebraretur,
1217 1240 1261 1261 quo
1273 1239 1387 1260 nunquam
1399 1233 1460 1261 prius
1471 1233 1494 1254 in
1506 1233 1536 1253 eis
1548 1232 1601 1254 Iocis

388 1277 493 1300 celebrari
508 1277 599 1298 solebat.
633 1276 768 1297 Gaudebant
784 1282 837 1302 ergo
852 1274 932 1296 fratres
947 1274 973 1295 de
990 1274 1105 1302 agnitione
1119 1277 1180 1296 certa
1196 1277 1218 1296 et
1235 1274 1343 1295 catholica
1360 1275 1464 1301 temporis
1476 1274 1599 1302 paschalis;

389 1320 524 1341 laetabantur
535 1319 561 1339 de
573 1316 694 1345 patrocinio
706 1317 817 1345 pergentis
828 1317 857 1338 ad
871 1316 993 1337 Dominum
1005 1316 1083 1343 patris,
1095 1323 1133 1343 per
1144 1323 1209 1344 quem
1221 1316 1310 1337 fuerant
1321 1315 1425 1341 correcti3
1444 1314 1601 1343 gratulabatur

390 1360 427 1381 ille
438 1359 496 1388 quod
508 1363 598 1380 eatenus
610 1358 631 1379 in
643 1364 708 1379 carne
719 1359 821 1378 servatus
832 1359 872 1383 est,
886 1356 954 1377 donec
966 1355 1029 1376 illum
1045 1356 1067 1376 in
1079 1356 1162 1383 pascha
1173 1356 1231 1377 diem
1243 1362 1294 1377 suos
1306 1356 1424 1381 auditores,
1439 1362 1504 1383 quem
1516 1362 1601 1382 semper

389 1404 456 1422 autea
466 1400 577 1425 vitabant,
590 1399 698 1426 suscipere
713 1404 739 1419 ac
750 1404 825 1419 secum
836 1403 902 1424 agere
912 1397 1004 1418 videret.
1038 1397 1118 1425 Sicque
1129 1400 1202 1418 certus
1213 1397 1240 1418 de
1251 1397 1340 1418 illorum
1355 1397 1487 1418 correctione
1499 1402 1599 1417 reveren-

390 1441 488 1463 tissimus
498 1443 560 1468 pater
571 1439 691 1466 exultavit,
704 1441 730 1460 ut
741 1438 826 1460 videret
838 1438 896 1459 diem
908 1437 1012 1459 Domini:
1030 1438 1094 1464 vidit,
1107 1440 1129 1459 et
1140 1438 1232 1466 gavisus
1243 1437 1408 1467 est.”—(Bede‚
1421 1437 1451 1459 H.
1465 1437 1490 1459 E.
1504 1444 1525 1458 v.
1540 1436 1589 1465 22.)

256 1512 318 1539 711.
341 1502 452 1537 Strages
469 1500 609 1528 Pictorum
626 1499 656 1526 in
671 1499 772 1534 Campo
791 1498 919 1525 Manomf
934 1498 1006 1533 apud
1026 1498 1156 1531 Saxones,
1177 1498 1225 1525 ubi
1239 1498 1397 1533 Finnguine
1415 1497 1490 1524 filius
1508 1497 1598 1524 Deile-

387 1549 461 1576 roith
473 1548 622 1575 immatura
636 1549 724 1573 morte
735 1545 832 1582 jacuit.

341 1597 500 1632 Congressio
514 1596 661 1623 Britonum
674 1597 702 1622 et
716 1593 835 1621 Dahiati
849 1602 931 1628 super
945 1592 1167 1628 Loirgg-eoelctk,
1182 1593 1231 1620 ubi
1244 1593 1372 1620 Britones
1385 1592 1496 1620 devicti-

278 1654 318 1673 12.

257 1655 270 1681 7
341 1691 499 1719 Combustio
513 1690 635 1725 Tanpist
649 1689 774 1716 Boium-¹.

341 1739 466 1766 Obsessio
480 1739 603 1765 Aber‘tem
619 1737 692 1772 apud
707 1737 881 1763 Selbaehum.

257 1796 319 1823 713-

289 1876 294 1887 ¹
303 1874 387 1901 Campo
394 1871 579 1894 Manum-See
584 1871 692 1897 Manaun,
698 1873 761 1892 atan.
767 1870 796 1898 58
803 1877 819 1897 ι,
825 1877 902 1898 supra.

256 1915 310 1936 This
321 1913 391 1936 battle
401 1914 420 1935 is
430 1913 533 1935 recorded
545 1913 575 1940 by
587 1913 625 1934 the
637 1912 715 1933 Saxon
727 1912 808 1933 Chi-on.
819 1915 842 1932 at
850 1917 861 1938 7
869 1917 903 1937 10,

256 1956 320 1977 thus:
339 1955 408 1976 “The
422 1961 482 1976 same
496 1960 550 1982 year
567 1953 705 1975 Beorhtfritb
722 1953 760 1974 the
776 1953 904 1974 ealdorman

255 1996 334 2024 fought
346 1995 435 2023 against
445 1995 484 2016 the
496 1994 557 2016 Picts
569 1994 668 2015 between
681 1993 745 2015 Haefe
756 1993 800 2014 and
812 1993 894 2016 Caere.''

287 2038 295 2051 k
309 2035 547 2064 Loiry-ecclet.—Not
557 2038 596 2063 yet
608 2034 726 2056 identified.

288 2080 294 2095 ¹
311 2078 412 2106 Tairpirt
432 2076 632 2104 Romen—Agna
651 2079 675 2097 at
694 2081 746 2103 731.

256 2119 364 2148 probably
375 2119 413 2140 the
425 2118 519 2139 Tarbert
529 2117 601 2138 which
613 2123 670 2144 gave
681 2123 746 2137 name
758 2119 780 2137 to
792 2116 846 2137 East
859 2116 903 2137 and

257 2161 320 2182 West
338 2160 410 2181 Lochs
425 2159 525 2185 Tarbert,
542 2158 580 2179 the
598 2157 665 2178 iulets
681 2157 705 2178 of
719 2157 757 2178 the
776 2163 813 2178 sea
829 2157 903 2178 which

256 2201 334 2229 nearly
352 2200 448 2222 insulate
465 2200 564 2227 Cantyre
581 2205 609 2219 on
631 2198 668 2219 the
685 2198 757 2219 north.
799 2198 845 2219 The
867 2197 903 2219 old

256 2242 324 2264 castle
340 2242 365 2263 of
379 2241 478 2267 Tarbert,
496 2241 578 2262 situate
593 2246 622 2261 on
640 2239 677 2260 the
694 2239 799 2260 southern
819 2238 866 2260 side
882 2238 907 2260 of

785 2075 840 2096 This
856 2082 903 2096 was

342 1644 452 1677 Cooddi,
468 1643 612 1679 episcopus
626 1643 674 1669 Iac
687 1644 794 1677 pausat,
812 1640 906 1668 Octob.
924 1649 961 1675 24
974 1640 1068 1675 (Tigh.
1086 1649 1158 1676 7123
1180 1640 1212 1667 F.
1228 1641 1267 1667 M.
1285 1640 1361 1677 710).

817 1687 921 1722 Congu]
934 1696 994 1714 mac
1008 1687 1154 1723 Doirgarto
1170 1688 1226 1723 (an.
1244 1688 1312 1724 710)
1326 1687 1451 1714 moritur.

343 1787 440 1814 Ciniod
454 1795 513 1813 mae
527 1785 624 1818 Den'li,
641 1788 668 1811 ct
681 1784 756 1811 filius
769 1782 984 1818 Maithgmmain,
997 1783 1121 1818 jugulati
1135 1787 1208 1811 sunt.

955 1869 1011 1891 East
1030 1869 1089 1891 Loch
1104 1870 1203 1897 Tarbert,
1219 1870 1242 1892 in
1259 1871 1297 1892 the
1313 1871 1388 1898 parish
1406 1871 1431 1892 of
1444 1870 1599 1898 Kjlcaimnne1,

952 1917 998 1932 was
1016 1911 1120 1940 formerly
1138 1918 1151 1933 a
1168 1911 1230 1939 place
1248 1911 1273 1932 of
1289 1911 1439 1933 considerable
1456 1911 1599 1939 importance.

952 1951 993 1973 See
1004 1951 1065 1980 Orig.
1080 1952 1172 1973 Paroch.
1184 1952 1229 1973 vol.
1242 1952 1264 1973 ii.
1277 1959 1297 1979 p.
1312 1958 1348 1980 32.

982 1997 1000 2008 ’Π
1012 1993 1213 2015 Aberta-Traces
1224 1994 1248 2015 ot*
1258 1994 1294 2015 the
1302 1993 1338 2015 old
1347 1993 1415 2015 castle
1426 1994 1451 2015 of
1460 1994 1599 2021 Dunaverty,

951 2034 1058 2062 standing
1066 2041 1094 2055 on
1102 2041 1115 2055 a
1126 2034 1261 2062 precipitous
1269 2034 1321 2055 rock
1333 2034 1411 2062 nearly
1422 2034 1559 2055 surrounded
1570 2034 1601 2062 by

951 2075 989 2096 the
1005 2081 1049 2101 sea,
1066 2082 1102 2097 are
1116 2078 1139 2096 to
1154 2075 1181 2096 be
1197 2081 1247 2097 seen
1265 2081 1293 2096 on
1309 2074 1442 2102 Dunaverty
1453 2074 1510 2103 Bay,
1523 2078 1547 2097 at
1561 2075 1600 2096 the

951 2114 974 2137 S.
985 2115 1010 2136 E.
1022 2116 1145 2144 extremity
1157 2115 1182 2137 of
1194 2115 1300 2144 Cantyre,
1316 2115 1414 2143 opposite
1430 2115 1510 2137 Sanda.
1543 2116 1599 2137 New

953 2157 1010 2179 Stat.
1024 2157 1063 2178 Ac.
1076 2156 1120 2178 vol.
1133 2157 1171 2178 vii.
1184 2163 1204 2184 p.
1219 2163 1238 2182 2,
1251 2159 1283 2184 pt.
1295 2163 1324 2183 42
1329 2162 1340 2184 3
1351 2165 1356 2182 3
1375 2156 1436 2184 Orig.
1449 2156 1542 2178 Paroch.
1555 2156 1599 2178 vol.

952 2198 974 2219 ii.
987 2204 1007 2225 p.
1022 2204 1041 2224 7.
1076 2197 1170 2219 Selbach
1182 2203 1228 2218 was
1242 2197 1321 2218 second
1336 2204 1375 2218 sun
1391 2197 1415 2218 of
1424 2197 1520 2218 Ferchar
1530 2197 1598 2223 Fada,

952 2238 976 2260 of
985 2238 1024 2260 the
1034 2238 1103 2260 house
1114 2238 1138 2259 ot*
1147 2237 1213 2265 Lom,
1226 2238 1270 2259 and
1286 2237 1338 2259 18th
1350 2237 1404 2265 king
1413 2238 1437 2259 of
1447 2237 1558 2259 Dalriada.
