1850 2692
251 322 292 343 20
721 308 799 344 Vita
816 307 934 344 Sancti
954 307 1123 343 Columboe
1486 318 1556 352 [Lm.
1575 326 1591 344 1.

247 404 426 445 enavigabo,
451 410 483 435 et
502 404 590 435 sime
614 403 789 444 susceperit,
812 403 913 444 ipsum
936 403 1078 434 abbatem
1093 403 1223 434 habebo.
1267 401 1350 432 Tum
1365 402 1476 433 deinde
1500 414 1592 443 supra

247 460 448 485 memoratum
463 454 624 486 ²⁷Columb
640 453 804 490 osculatus,
821 459 852 483 et
867 453 922 484 ²²³ei
937 453 1117 488 valedicens,
1142 452 1368 493 navigationem
1384 458 1544 493 praeparat,
1561 460 1592 484 et

246 506 310 537 sine
330 506 448 536 morula
465 505 529 535 ulla
543 504 786 546 transnavigans,
812 509 832 523 ²⁹
840 504 947 534 Iouam
968 504 1093 535 devenit
1111 504 1252 534 insulam.
1296 503 1340 534 Et
1354 504 1496 540 necdum,
1509 504 1541 533 in
1560 504 1592 534 id

247 557 391 597 temporis
407 568 514 596 usque,
530 568 641 587 nomen
656 557 721 596 ejus
737 556 768 586 in
783 556 829 586 his
845 555 919 586 locis
935 561 1000 586 erat
1015 561 1134 586 notum.
1179 555 1272 586 Unde
1287 560 1318 586 et
1338 555 1486 595 Mprimis
1506 556 1592 595 quasi

246 608 370 648 quidam
384 607 510 648 ignotus
525 607 634 647 hospes
649 606 840 646 hospitaliter
855 610 1052 645 ³⁰susceptus,
1068 605 1126 635 alia
1137 605 1187 635 die
1202 605 1375 636 ³¹nunciu1n
1386 606 1425 635 ad
1440 605 1592 635 ³2Bajthe-

245 671 338 691 neum
353 660 459 696 mittit,
485 660 551 699 ejus
573 658 788 689 allocutionem
804 657 880 688 facie
903 657 943 687 ad
958 657 1066 687 faciem
1081 657 1192 688 habere
1208 657 1323 687 volens.
1368 656 1442 696 Qui,
1468 662 1504 687 ut
1527 663 1592 687 erat

245 711 383 747 affabilis,
405 715 437 741 et
456 710 623 751 peregrinis
642 708 826 750 appetibilis,
846 709 937 748 jubet
950 708 989 738 ad
1004 719 1035 738 se
1054 708 1176 739 adduci.
1221 708 1284 747 Qui
1299 708 1403 738 statim
1427 707 1590 743 adductus,

245 762 352 802 primo,
379 767 414 792 ut
429 762 663 796 ³³conveniebat,
679 760 765 791 flexis
783 760 914 801 genibus
928 759 960 790 in
985 764 1091 790 ³⁴terra
1114 771 1145 790 se
1166 759 1348 800 prostravit3
1372 759 1559 799 ³⁵jussusque
1575 770 1592 788 a

245 819 349 844 sancto
365 813 491 849 seniore,
515 813 624 854 surgit,
642 818 673 843 et
688 812 822 843 residens
837 812 1045 852 interrogatur
1060 823 1078 841 a
1092 811 1300 846 ³⁶Baitheneo,
1316 810 1416 841 adhuc
1430 810 1535 846 inscio,
1553 811 1591 840 de

244 870 337 906 gente
353 870 384 895 et
399 865 564 905 provincia,
582 865 767 904 nomineque
782 870 813 894 et
828 863 1068 899 conversatione,
1090 868 1121 893 et
1136 874 1190 903 pro
1206 873 1267 902 qua
1285 873 1375 893 causa
1390 862 1491 892 inierit
1506 862 1592 892 navi-

244 918 375 958 gationis
399 917 544 948 laborem.
597 917 671 956 Qui,
698 917 742 946 ita
767 916 983 956 interrogatus,
1015 915 1117 945 omnia
1140 926 1194 955 per
1219 914 1356 944 ordinem
1379 924 1531 949 enarrans,
1556 920 1592 943 ut

244 967 449 1007 susciperetur
463 966 620 996 humiliter
635 965 820 1006 expostulat.
865 965 927 996 Cui
941 970 1065 995 sanctus
1086 965 1194 1000 senior,
1215 964 1263 994 his
1278 965 1316 995 ab
1332 964 1451 1004 hospite
1466 964 1590 999 auditis,

243 1018 395 1057 simulque
415 1017 497 1047 hunc
521 1027 585 1047 esse
601 1016 702 1047 virum
717 1027 904 1057 cognoscens
919 1017 958 1047 de
981 1027 1042 1056 quo
1063 1017 1180 1057 pridem
1204 1016 1368 1056 aliquando
1392 1021 1514 1045 sanctus
1531 1015 1592 1046 Co-

244 1069 348 1098 lumba
361 1067 538 1108 prophetice
558 1067 742 1097 vaticinatus
763 1072 818 1102 est,
842 1066 975 1102 Gratias,
1003 1067 1056 1103 ait,
1080 1067 1149 1097 Deo
1163 1078 1231 1097 meo
1251 1077 1340 1107 agere
1355 1066 1451 1096 debeo
1467 1066 1591 1106 quidem

244 1119 275 1148 in
295 1125 350 1149 tuo
364 1119 510 1154 adventu,
528 1118 589 1153 fili3
613 1119 666 1148 sed
689 1122 708 1137 ³⁷
716 1118 773 1148 hoc
789 1118 1000 1149 indubitanter
1022 1119 1098 1149 scito
1119 1118 1202 1158 quod
1217 1123 1320 1148 noster
1340 1117 1506 1147 monachus
1530 1127 1591 1147 non

244 1171 312 1200 eris.
357 1169 428 1200 Hoc
451 1169 576 1199 audiens
597 1169 742 1209 ³⁹³hospes,
763 1169 851 1199 valde
867 1168 1074 1205 contristatus,
1092 1168 1177 1198 infit:
1202 1167 1344 1198 Forsitan
1365 1178 1422 1208 ego
1446 1167 1591 1208 indignus

245 1227 316 1250 tuus
332 1231 392 1250 non
408 1230 525 1249 mereor
545 1218 609 1249 fieri
623 1218 799 1249 monachus.
847 1218 954 1249 Senior
969 1224 1190 1259 consequenter
1205 1219 1306 1258 inquit
1320 1230 1327 1248 z
1351 1218 1424 1248 Non
1440 1219 1534 1258 quod,
1555 1224 1591 1248 ut

243 1271 328 1307 dicis,
352 1271 497 1311 indignus
517 1280 596 1300 esses
612 1269 670 1299 hoc
685 1269 769 1304 dixi3
793 1269 845 1299 sed
861 1270 1001 1309 quamvis
1026 1270 1200 1300 maluissem
1224 1275 1254 1300 te
1278 1269 1360 1309 apud
1380 1281 1429 1300 me
1448 1270 1589 1306 retinere,

244 1323 421 1352 mandatum
437 1327 539 1352 tamen
555 1321 651 1351 sancti
664 1320 823 1352 Columbae
839 1321 899 1351 mei
914 1321 1105 1351 ³⁹decess0ris
1122 1322 1279 1361 profanare
1295 1332 1355 1351 non
1372 1332 1494 1361 possum
1507 1332 1514 1356 3
1538 1332 1591 1361 per

244 1384 335 1413 quem
354 1372 486 1412 Spiritus
501 1371 632 1402 Sanetus
649 1371 686 1401 de
702 1376 732 1401 te
748 1371 955 1411 prophetavit.
999 1371 1101 1400 ⁴⁰Alia
1116 1375 1273 1410 4¹namque
1290 1371 1338 1401 die
1354 1371 1428 1400 mihi
1440 1371 1496 1401 soli
1512 1381 1593 1401 seor-

244 1425 310 1460 sim,
328 1424 370 1454 sic
380 1423 558 1464 prophet-ico
569 1422 706 1463 profatus
722 1433 783 1458 ore,
797 1422 877 1453 inter
891 1428 1009 1458 caetera,
1025 1422 1104 1452 dixit
1118 1434 1124 1452 :
1151 1422 1228 1453 Haec
1242 1433 1318 1457 mea,
1339 1422 1366 1452 O
1383 1422 1589 1458 ⁴²Baithenee,

243 1475 390 1505 intentius
406 1475 498 1505 debes
514 1474 619 1504 audire
634 1475 746 1509 verba3
769 1474 873 1504 statim
889 1484 1021 1513 namque
1036 1480 1105 1514 post
1121 1485 1223 1504 meum
1239 1474 1276 1504 de
1296 1473 1354 1503 hoc
1374 1474 1413 1503 ad
1430 1473 1590 1504 Christum

243 1526 353 1556 saeculo
368 1531 564 1566 expectatum
585 1531 616 1556 et
639 1525 726 1556 valde
744 1525 949 1556 desideratum
970 1525 1144 1561 transitum,
1164 1525 1289 1565 quidam
1308 1525 1345 1555 de
1364 1525 1467 1556 Scotia
1486 1525 1589 1560 frater.

244 1577 296 1616 qui
308 1588 398 1612 nunc,
413 1578 489 1607 bene
497 1577 667 1616 juvenilem
680 1577 767 1606 bonis
778 1577 912 1607 moribus
927 1580 1062 1617 43regens
1075 1581 1206 1612 aetatem,
1221 1587 1311 1607 sacrae
1326 1576 1465 1606 lectionis
1481 1577 1590 1606 studiis

243 1628 315 1658 satis
335 1628 520 1664 “imbuitun
541 1628 664 1658 nomine
686 1627 847 1664 Fintenus‚
873 1632 992 1668 “gente
1015 1627 1214 1663 Mocumoiess,
1235 1628 1323 1667 cujus
1346 1632 1433 1667 pater
1448 1627 1591 1658 Tailcha-

243 1680 314 1709 nush
330 1679 492 1714 vocitatur,
510 1678 549 1708 ad
563 1683 605 1714 te,
617 1678 752 1718 iuquam,
763 1678 954 1718 perveniens,
966 1677 1122 1708 humiliter
1137 1677 1344 1718 expostulabit
1360 1682 1394 1707 ut
1410 1677 1510 1718 ipsum
1525 1689 1591 1707 sus-

291 1778 308 1792 ²⁷
320 1778 447 1799 columbum
460 1778 487 1799 A.
501 1777 526 1799 C.
539 1777 561 1799 S.
617 1777 636 1792 ²³
647 1785 687 1799 om.
702 1776 726 1798 C.
776 1778 794 1793 9³
805 1777 832 1798 A.
846 1776 872 1798 C.
885 1777 910 1799 F.
924 1776 946 1799 S.
996 1778 1015 1792 ³⁰
1027 1780 1142 1804 susceptus
1153 1781 1186 1798 est
1197 1776 1260 1805 Colg.
1273 1776 1332 1798 Boll.
1395 1778 1414 1793 3¹
1425 1777 1589 1798 internuncium

244 1809 268 1831 C.
278 1809 303 1830 F.
314 1809 336 1831 S.
408 1809 427 1822 ³²*
439 1809 584 1830 batthenemn
598 1808 623 1830 C.
638 1808 660 1829 F.
702 1808 833 1829 baitheuum
845 1807 869 1830 S.
934 1809 953 1821 ³³
965 1808 1067 1829 veniebat
1079 1808 1105 1829 C.
1169 1809 1187 1823 5⁴
1199 1812 1281 1829 terram
1293 1808 1317 1830 C.
1332 1808 1354 1828 F.
1368 1807 1390 1830 S.
1454 1808 1473 1821 ³⁵
1484 1808 1546 1829 visus
1564 1808 1588 1830 C.

244 1841 261 1855 ³⁶
273 1840 393 1861 battheneo
404 1839 429 1861 C.
500 1840 517 1854 ³⁷
528 1842 549 1860 et
560 1840 602 1860 hnc
615 1839 640 1861 C.
705 1839 724 1851 ³⁹
735 1846 774 1860 om.
789 1840 814 1861 C.
878 1839 897 1854 ³⁹
909 1839 1028 1860 defensoris
1039 1839 1064 1860 C.
1132 1839 1151 1854 ⁴⁰
1165 1839 1239 1866 aliqua
1252 1839 1275 1860 F.
1309 1839 1398 1866 aliaque
1408 1838 1433 1860 C.
1482 1840 1500 1854 Η
1509 1846 1549 1860 om.
1563 1838 1589 1860 C.

244 1872 262 1886 ⁴²
274 1872 392 1893 batthenee
404 1871 429 1892 C.
493 1871 512 1886 ⁴³
523 1877 592 1898 agens
603 1870 629 1892 C.
693 1871 711 1885 Η
723 1870 822 1891 imbutus
834 1870 859 1892 C.
924 1871 943 1884 ⁴⁵
954 1871 985 1892 ad
995 1870 1109 1892 vocitatur
1120 1877 1162 1891 om.
1177 1870 1204 1892 C.
1216 1870 1239 1891 F.
1251 1870 1274 1892 S.

275 1965 285 1980 ξ
297 1959 436 1982 ᾸῙοςιιηιοὶε.
447 1959 578 1988 —Colgan
612 1966 731 1989 proposes
761 1958 892 1982 Mac-Ua·
940 1958 1036 1981 nomine
1055 1958 1148 1980 Munna
1166 1957 1196 1980 de
1213 1957 1281 1980 claro
1298 1964 1388 1987 genero
1406 1956 1547 1987 Hyberniae,
1564 1957 1590 1979 id

243 2000 334 2027 Αἰαίη,
353 2007 381 2023 as
394 2000 504 2023 Fintan's
522 2000 618 2022 mother
633 2007 684 2022 was
700 1999 727 2021 of
736 1999 777 2022 the
793 2006 850 2021 race
867 1999 895 2022 of
940 2002 987 2025 est,
1001 1998 1182 2028 de‚Nep0tibus
1195 1997 1268 2020 Neill.
1304 1998 1381 2020 Pater
1390 1998 1442 2028 ejus
1453 1997 1591 2020 vocabatur

244 2041 341 2063 Maiae:
360 2040 404 2063 but
418 2048 454 2062 we
465 2040 515 2063 find
535 2040 686 2063 ‘Laisrauus
699 2040 848 2062 Mocum0i‹›.’
866 2043 892 2062 at
943 2040 1095 2065 Tulchanus,
1118 2039 1158 2069 qui
1181 2038 1211 2061 de
1229 2039 1320 2060 semine
1343 2038 1440 2061 Conalli
1459 2037 1502 2060 filii
1525 2038 1590 2060 Neill

244 2090 297 2112 cap.
314 2083 339 2104 18
352 2081 394 2112 inf
413 2082 436 2104 It
447 2082 468 2104 is
480 2081 601 2112 probably
613 2088 628 2103 a
640 2080 696 2103 elan
707 2088 778 2103 name
791 2080 893 2103 derived
941 2084 1011 2103 ortus
1029 2079 1083 2102 fuit.
1118 2079 1200 2102 Mater
1213 2079 1294 2101 sancti
1308 2078 1401 2100 Munnu
1417 2078 1591 2101 nominabatur

243 2122 307 2145 from
318 2122 400 2150 Maan,
410 2129 425 2144 a
434 2122 580 2152 progenitor
590 2121 617 2144 os
625 2121 648 2144 S.
658 2121 755 2143 Fintan.
776 2121 821 2144 See
832 2125 893 2144 next
943 2120 1057 2150 Fedelyn,
1071 2127 1124 2150 quae
1136 2119 1166 2141 de
1178 2118 1262 2141 eadem
1275 2122 1350 2149 gente
1364 2122 1424 2141 nata
1441 2122 1488 2144 est,
1507 2118 1532 2140 id
1544 2123 1590 2146 est,

243 2166 310 2185 note.
941 2159 971 2182 de
983 2160 1074 2182 semine
1088 2159 1164 2181 Manli
1175 2158 1219 2181 filii
1233 2158 1405 2182 Neill.'’—Vit.
1420 2166 1474 2188 cap.
1488 2159 1502 2181 i.
1517 2159 1590 2187 (Cod.

275 2204 285 2218 ¹¹
302 2202 500 2225 Tailchanus.—“
510 2201 567 2225 Fuit
592 2202 629 2224 vit
658 2201 715 2225 vitae
744 2201 892 2224 venerabilis
942 2201 1035 2223 Marsh.
1053 2200 1094 2223 fol.
1118 2208 1157 2228 ¹27
1176 2200 1230 2226 ab5
1249 2200 1319 2231 Colg.
1341 2201 1370 2223 Α.
1391 2200 1434 2223 SS.
1454 2207 1485 2230 pp
1510 2208 1555 2229 452
1569 2210 1589 2228 a,
