1850 2692
230 277 297 312 230
697 263 775 298 Vita
793 262 911 298 Sancti
930 261 1098 298 Columbae
1445 272 1515 309 [tm.
1528 280 1567 300 111.

227 359 362 400 reliquit.
407 358 487 390 Haeo
503 358 645 390 Sanctus.
689 362 709 377 ²¹
719 357 781 389 Sed
795 361 926 388 ²²tamen
944 357 983 387 de
1002 356 1152 397 qualitate
1174 355 1256 386 illius
1275 356 1407 396 depositi
1427 357 1467 387 ad
1485 357 1569 397 quod

227 411 337 442 missus
352 416 399 442 est
413 409 540 451 angelus
554 408 773 449 requirendum
786 418 878 438 nemo
893 408 931 438 de
946 406 1214 438 circumstantibus
1229 417 1445 447 recognoscere
1459 407 1572 448 potuit.

228 462 345 493 Noster
366 472 438 493 vero
457 465 604 502 patronus
627 464 776 495 sanctum,
794 459 947 499 propriam
962 469 980 488 a
1000 457 1068 488 Deo
1092 457 1149 488 sibi
1170 458 1414 488 commendatam
1428 458 1570 494 animam,

227 514 402 555 depositum
417 513 618 554 nuncupavit.
642 512 733 551 Quae,
751 511 840 542 sicuti
855 511 981 541 inferius
996 510 1178 547 narrabitur,
1192 510 1260 546 alia,
1274 511 1353 541 senis
1368 511 1573 542 intervenien-

227 565 312 597 tibus
326 565 479 596 continuis
493 564 611 600 diebus,
630 563 794 594 Dominica
809 567 900 593 nocte
914 562 953 592 ad
968 561 1138 592 Dominum
1155 561 1327 602 emigravit.

291 617 362 648 Vm
380 617 485 657 itaque
500 615 682 647 venerabilis
700 615 732 645 in
747 615 808 645 fine
830 613 967 654 ejusdem
986 613 1196 650 hebdomadis,
1213 613 1272 643 hoo
1294 618 1341 643 est
1356 613 1405 643 die
1423 613 1570 650 sabbati³‚

228 668 294 708 ipse
316 672 348 698 et
371 668 438 707 ejus
461 667 530 708 pius
552 667 691 697 minister
707 666 891 697 Diormitius
914 665 952 696 ad
975 665 1150 706 proximum
1175 670 1310 706 pergunt
1331 665 1573 696 benedicendum

228 718 381 748 horreum.
419 718 514 757 Quod
528 717 646 748 intrans
665 717 796 748 Sanctus
811 727 882 747 cum
896 716 1113 752 benedixisset,
1139 721 1171 746 et
1185 716 1262 746 duos
1278 716 1309 746 in
1328 727 1364 746 eo
1378 716 1504 757 frugum
1527 727 1574 747 se-

229 774 402 809 questratos
429 772 590 805 ¹acervosb,
616 768 674 799 hoc
700 768 807 798 intulit
828 769 957 798 verbum
983 778 1053 798 cum
1078 767 1247 808 gratiarum
1270 768 1399 805 actione,
1421 768 1572 807 inquiens,

230 820 333 851 Valde
352 820 550 861 congratulor
568 820 644 851 meis
659 819 858 850 familiaribus
876 819 1042 855 monachis,
1059 818 1132 859 quia
1146 819 1204 849 hoc
1226 819 1318 849 etiam
1337 830 1426 856 anno,
1444 819 1469 849 si
1484 823 1575 859 ²quo-

229 882 322 910 quam
341 881 359 901 a
373 871 460 902 vobis
479 870 628 911 emigrare
643 881 691 901 me
709 870 891 910 oportuerit,
908 880 1044 900 annuum
1065 869 1266 900 sufficientem
1281 869 1443 900 habebitis.
1486 870 1575 908 ⁵Qno

229 922 335 952 audito
350 922 444 952 verbo
459 921 658 951 4Diormitius
673 921 813 950 minister
827 920 993 950 tristificari
1009 920 1110 960 coepit,
1129 925 1160 950 et
1176 920 1219 950 sic
1234 920 1359 957 ⁶dicere‚
1379 920 1484 961 Hujus
1503 920 1575 950 anni

230 979 376 1012 tempore,
394 976 506 1012 ⁶pater,
528 971 639 1011 saepius
659 981 715 1001 nos
737 970 911 1007 contristas,
929 971 1001 1010 quia
1024 971 1063 1001 de
1087 975 1142 1001 tuo
1162 971 1295 1001 transitu
1317 972 1422 1001 crebro
1444 981 1576 1001 comme-

229 1034 339 1054 moras.
383 1023 444 1054 Cui
462 1023 593 1054 Sanetus
609 1023 668 1053 hoc
682 1022 769 1052 dedit
783 1033 974 1062 responsum,
993 1022 1143 1062 Aliquem
1158 1033 1302 1052 arcanum
1318 1022 1415 1053 habeo
1430 1026 1577 1052 ⁷sermus-

229 1074 343 1110 culum,
356 1084 458 1113 quem,
476 1073 501 1103 si
515 1072 591 1102 mihi
606 1072 734 1103 firmiter
748 1072 932 1112 promiseris,
946 1072 1061 1103 nemini
1075 1078 1147 1103 ante
1161 1083 1264 1103 meum
1276 1073 1431 1103 denudare
1445 1073 1574 1109 obitum,

229 1125 268 1155 de
285 1135 353 1155 mco
373 1124 430 1155 tibi
451 1135 577 1165 egressu
594 1123 711 1163 aliquid
732 1124 924 1154 manifestius
947 1124 1089 1154 intimare
1108 1129 1226 1164 potero.
1271 1124 1374 1162 Quam
1396 1134 1467 1154 cum
1484 1123 1577 1154 talem

228 1175 367 1205 minister
375 1174 618 1215 promissionem,
630 1174 723 1214 juxta
733 1174 925 1204 voluntatem
940 1174 1046 1205 Sancti
1055 1174 1150 1210 flexis,
1163 1174 1304 1214 genibus,
1316 1174 1519 1211 terminasset,
1530 1174 1578 1205 vir

230 1226 436 1257 ⁵venerandus
452 1230 690 1265 ⁹consequenter
705 1225 749 1255 sic
763 1225 912 1265 profatur,
927 1225 1005 1255 Haec
1020 1225 1051 1254 in
1064 1225 1155 1255 sacris
1171 1224 1377 1255 voluminibus
1387 1225 1451 1255 dies
1464 1224 1579 1256 Sabba-

230 1279 297 1308 t'um
312 1281 519 1317 nuncupatur,
537 1276 620 1316 quod
635 1276 857 1316 interpretatur
871 1276 1003 1316 requies.
1037 1276 1081 1306 Et
1095 1276 1171 1305 mihi
1186 1286 1257 1306 vere
1274 1280 1322 1306 est
1336 1273 1497 1306 sabbatum
1512 1276 1578 1307 haec

231 1327 387 1363 hodierna,
408 1327 480 1366 quia
502 1327 594 1366 hujus
616 1326 775 1366 praesentis
797 1326 955 1356 laboriosae
974 1326 1047 1356 vitae
1070 1326 1145 1355 mihi
1164 1326 1273 1356 ultima
1295 1331 1351 1363 est,
1375 1327 1407 1356 in
1425 1338 1487 1367 qua
1507 1333 1578 1368 post

231 1389 313 1409 meas
328 1377 553 1408 laborationum
568 1376 724 1407 molestias
739 1377 924 1412 sabbatizo&
944 1381 975 1406 et
990 1376 1047 1407 hac
1063 1377 1203 1416 sequenti
1218 1377 1319 1408 media
1333 1378 1498 1409 venerabili
1513 1378 1578 1409 Do-

232 1429 342 1459 minica
356 1429 470 1464 nocted,
485 1428 652 1458 secundum
668 1427 789 1467 eloquia
803 1427 1041 1468 Scripturarum,
1053 1433 1175 1468 patrum
1192 1428 1337 1469 ¹⁰gradiar
1352 1429 1443 1460 viam.
1482 1430 1527 1461 ¹¹J
1529 1441 1577 1461 am

233 1480 313 1510 enim
328 1479 483 1511 Dominus
498 1490 584 1510 meus
599 1478 622 1509 J
625 1489 694 1509 esus
710 1478 854 1510 Christus
869 1490 918 1509 me
932 1479 1063 1509 invitare
1078 1479 1245 1520 dignatum
1267 1481 1306 1511 ad
1321 1491 1423 1520 quem,
1440 1481 1576 1522 inquam,

710 1570 728 1585 ²¹
741 1569 815 1591 diceus
827 1568 855 1591 D.
921 1571 940 1585 22
951 1572 1005 1591 tunc
1018 1569 1044 1592 C.
1054 1570 1081 1591 D.

281 1622 287 1636 ¹
299 1621 390 1642 vidisset
402 1620 427 1643 C.
475 1621 485 1636 ²
497 1620 594 1648 quodam
606 1619 630 1641 C.
687 1621 696 1635 ³
707 1626 786 1647 panem
797 1619 850 1641 add.
864 1620 891 1641 B.
924 1620 1009 1641 victum
1022 1627 1090 1642 manu
1102 1621 1235 1642 correctoris
1245 1620 1298 1642 add.
1311 1620 1336 1642 F.
1393 1622 1402 1637 4
1413 1622 1536 1644 diat-matus
1548 1622 1576 1644 D.

236 1654 243 1665 ⁵
254 1652 314 1674 dixit
325 1652 349 1674 G.
399 1653 409 1667 ⁵
420 1658 461 1673 om.
473 1651 499 1673 C-
546 1652 554 1666 7
567 1651 758 1672 sermonusculum
770 1651 798 1672 D.
847 1651 857 1664 Β
867 1651 1002 1673 venerabilis
1014 1651 1041 1673 D.
1092 1653 1101 1667 ⁹
1112 1659 1154 1673 om.
1168 1652 1196 1673 D.
1247 1653 1265 1668 ¹⁰
1275 1652 1388 1680 ingrediar
1404 1653 1429 1676 C.
1480 1654 1495 1669 ¹¹
1505 1654 1538 1675 ita
1548 1653 1577 1675 B.

234 1730 368 1753 substance
390 1728 566 1759 impermeable
588 1730 616 1751 to
644 1728 760 1751 material
783 1729 879 1759 beings.
930 1728 1056 1759 conveyed
1068 1729 1100 1759 by
1111 1729 1154 1752 the
1168 1729 1243 1752 Latin
1256 1734 1422 1760 sequestratos.

236 1771 290 1793 Thc
308 1769 398 1792 second
415 1772 474 1800 part
491 1769 519 1792 of
527 1769 570 1792 the
587 1769 645 1792 Vita
658 1769 771 1792 Secunda
788 1769 812 1792 in
825 1769 882 1792 Col-
956 1769 1193 1792 csabbatizo.-The
1201 1770 1262 1792 verb
1271 1770 1418 1800 σαββατίζω
1426 1778 1477 1794 was
1485 1771 1581 1794 formed

235 1818 293 1841 gan.
307 1810 388 1833 which
399 1810 420 1832 is
434 1809 514 1840 really
526 1817 541 1832 a
556 1809 683 1840 fragment
696 1809 724 1832 of
735 1817 767 1832 an
782 1810 883 1833 ancient
930 1809 1013 1840 hythe
1023 1810 1112 1838 LXX.,
1124 1810 1173 1833 and
1184 1818 1234 1833 was
1247 1811 1455 1835 introducedinto
1465 1812 1540 1835 Latin
1548 1813 1581 1844 by

235 1851 336 1874 memoir
348 1850 440 1881 closely
451 1850 603 1880 resembling
616 1850 757 1877 Adamnan,
777 1854 828 1873 sets
839 1850 883 1873 the
931 1850 1059 1873 Christian
1069 1851 1178 1877 writers.
1192 1858 1220 1874 as
1232 1851 1381 1874 Tertullian.
1401 1852 1437 1875 At
1445 1852 1501 1876 first
1510 1853 1530 1876 it
1539 1853 1581 1876 de-

235 1895 328 1915 matter
339 1895 367 1914 at
377 1895 439 1919 rest,
451 1891 483 1922 by
490 1891 596 1922 reading
607 1891 632 1914 in
642 1892 684 1914 the
694 1891 800 1922 parallel
811 1891 882 1921 place
931 1891 1007 1914 noted
1023 1892 1065 1914 the
1080 1892 1234 1914 observance
1252 1892 1280 1914 of
1290 1893 1333 1915 the
1348 1892 1461 1916 Sabbath
1479 1901 1579 1924 proper.

236 1935 298 1962 “per
307 1931 396 1955 culmen
405 1931 603 1962 ecclesiae”(cap.
611 1939 648 1961 30,
658 1931 703 1955 Tr.
711 1931 757 1954 Th.
766 1939 788 1962 p.
796 1939 840 1962 3²9
848 1933 882 1962 a).
931 1932 980 1955 and
992 1932 1142 1955 afterwards
1157 1936 1163 1946 ‘
1173 1935 1200 1955 to
1212 1934 1282 1959 rest,'
1297 1940 1331 1961 τις,
1344 1933 1369 1956 in
1380 1933 1423 1956 the
1435 1935 1546 1964 capitula
1557 1936 1586 1958 of

268 1978 278 1988 ²
292 1972 491 1996 Sabbati.--Our
504 1972 637 2003 Saturday.
667 1972 722 1995 The
732 1972 843 2002 practice
859 1972 887 1995 of
933 1972 1060 1999 Boniface,
1091 1975 1105 1986 ⁴⁴
1117 1973 1203 1996 diebus
1228 1973 1364 1996 Dominicis
1393 1974 1582 1999 sabbatizare.''

236 2013 328 2043 calling
339 2012 473 2036 theLord's
484 2012 542 2043 Day
554 2013 596 2035 the
607 2012 716 2036 sabbath
727 2013 884 2036 commenced
934 2015 987 2043 (Du
995 2014 1082 2044 Gange
1094 2015 1119 2037 in
1130 2014 1193 2044 voe.)

236 2054 312 2077 about
329 2061 346 2076 a
360 2053 486 2076 thousand
498 2060 571 2084 years
587 2053 655 2077 after
667 2053 717 2076 this
730 2053 798 2078 date.
964 2055 974 2070 ‘¹
985 2054 1115 2077 Dominica
1133 2054 1312 2078 nocta—That
1329 2055 1359 2081 is,
1380 2055 1423 2078 the
1440 2056 1513 2087 night
1528 2064 1583 2087 pre-

267 2095 453 2124 hSequestratos
465 2094 688 2117 acervos.—These
696 2097 763 2117 must
772 2094 835 2117 have
845 2102 883 2117 re·
933 2094 1022 2125 ceding
1044 2095 1151 2125 Sunday.
1187 2095 1232 2118 See
1252 2098 1310 2118 note
1323 2096 1335 2122 ¹,
1358 2096 1382 2118 ii.
1403 2103 1432 2125 45
1453 2097 1489 2127 (p.
1511 2098 1581 2127 181);

234 2135 331 2159 mained
340 2142 399 2158 over
408 2134 472 2157 from
482 2135 524 2158 the
533 2135 668 2165 preceding
677 2142 745 2166 year.
765 2135 820 2158 The
829 2135 885 2158 idea.
932 2139 990 2159 note
1002 2141 1019 2163 ἒ,
1041 2143 1094 2166 cap.
1116 2143 1125 2158 1
1133 2143 1141 2158 1
1160 2136 1195 2166 (p.
1207 2137 1273 2166 210),
1299 2136 1348 2159 and
1367 2140 1425 2160 note
1436 2138 1454 2164 d,
1478 2145 1532 2168 cap.
1556 2146 1563 2160 1
1571 2147 1583 2161 2

235 2179 262 2202 os
270 2177 386 2205 teser-ved,
399 2184 434 2205 or,
447 2177 564 2209 possibly,
576 2177 712 2204 winnowed,
723 2184 803 2200 seems
815 2180 842 2200 to
854 2176 884 2200 be
933 2177 968 2207 (p.
983 2177 1049 2207 211),
1063 2185 1144 2207 supra.
