1850 2692
245 298 313 328 240
716 284 794 319 Vita
811 283 929 320 Sancti
949 284 1113 320 Columbce
1464 295 1530 332 [Lm.
1544 304 1584 323 ιιι.

245 380 308 410 itur
331 379 410 410 libri.
464 379 600 418 Quidam
621 389 753 418 namque
776 378 940 418 aliquando
962 389 1042 409 unus
1065 379 1103 409 de
1125 377 1271 409 fratribus
1297 389 1399 409 eoram
1420 380 1586 410 venerabili

245 432 310 461 viro
332 431 509 472 simpliciter
531 432 669 471 loquens,
696 431 752 461 Ad
774 430 979 467 celebrandas,
1005 430 1049 460 ait
1070 430 1109 461 ad
1131 430 1288 466 Sanctum,
1305 434 1385 466 tuaS,
1405 434 1475 470 post
1496 435 1585 460 tuum

245 482 365 513 obitum
388 482 541 522 exequias,
562 487 646 512 totus
666 481 772 512 harum
795 481 1021 521 provinciarum
1042 481 1175 521 populus
1193 481 1272 511 hanc
1294 480 1415 511 ⁴Iouam
1434 481 1587 521 remigans

245 535 391 575 ⁵replel)it
413 535 554 565 insulam.
607 534 701 573 Quod
720 535 848 565 verbum
870 533 996 564 audiens
1019 534 1151 565 Sanctus
1173 538 1395 573 consequenter
1415 534 1468 570 ait,
1494 533 1523 564 O
1544 534 1587 564 mi

246 585 364 621 ⁶filiole,
389 596 450 615 non
474 590 511 615 ut
538 585 672 625 loqueris
694 584 737 615 sic
759 595 807 614 res
831 584 998 624 ⁷pr0babit,
1024 595 1094 614 nam
1118 583 1325 624 promiscuum
1346 583 1453 624 populi
1476 583 1587 624 vulgus

246 636 331 666 nullo
346 636 437 666 modo
452 635 491 666 ad
506 647 588 666 meas
603 636 716 676 poterit
735 635 879 675 exequias
894 635 1015 670 venire3
1038 635 1098 665 mei
1113 635 1169 666 soli
1184 635 1346 665 familiares
1365 634 1506 665 monachi
1521 645 1588 665 mea

248 686 428 726 sepulcralia
449 686 659 726 complebunt,
686 691 717 717 et
734 685 923 725 flexequialia
948 685 1156 716 honestabunt
1182 686 1289 716 officia.
1343 686 1437 724 Quod
1459 686 1588 716 verbum

247 739 330 778 0ejus
344 738 569 778 propheticum,
592 739 696 768 statim
714 742 784 778 post
804 737 967 767 transitum
990 736 1095 777 ipsius,
1117 737 1339 777 omnipotentia
1354 736 1415 767 Dei
1429 736 1588 777 adimpleri

245 788 336 819 fecit:
359 800 429 818 nam
444 800 498 828 per
510 793 571 819 tres
588 788 655 819 illas
679 787 852 828 exequiales
870 787 934 818 dies
953 792 985 817 et
1008 791 1147 823 ¹⁰noctes,
1164 787 1288 827 grandis
1303 787 1367 817 sine
1382 787 1487 827 pluvia
1508 787 1588 817 facta

245 844 292 869 est
313 845 440 870 ventosa
462 840 655 879 tempestasd‚
680 850 740 878 qua
762 838 884 869 fortiter
906 838 1097 878 prohibente,
1122 838 1225 867 nullus
1251 837 1322 868 hinc
1347 837 1418 868 inde
1441 838 1589 869 navicella

245 895 352 921 vectus
378 890 572 921 transfretare
597 894 728 930 poterat.
777 889 821 919 Et
845 894 915 930 post
940 894 1181 920 consummatam
1203 889 1285 919 beati
1307 888 1509 929 sepultionem
1531 889 1588 919 viri

244 942 390 972 continuo
405 946 587 982 tempestate
602 941 716 977 sedata,
733 946 764 971 et
779 946 915 972 cessante
930 946 1034 976 vento,
1051 946 1153 971 totum
1168 940 1400 980 tranquillatum
1412 946 1459 971 est
1474 951 1587 980 aequor.

308 991 485 1031 Perpendat
498 991 603 1031 itaque
618 992 714 1022 lector
729 991 836 1031 quanti
852 996 883 1021 et
898 991 996 1031 qualis
1011 991 1093 1031 apud
1109 990 1211 1020 Deum
1227 990 1428 1030 praedicabilis
1442 995 1589 1031 patronus

246 1042 404 1072 ”honorise
427 1042 584 1078 habeatur,
611 1042 660 1072 cui
683 1042 847 1082 aliquando
870 1042 901 1072 in
924 1053 1014 1073 carne
1039 1043 1160 1073 mortali
1190 1043 1382 1073 conversanti
1405 1043 1474 1073 Deo
1498 1043 1590 1084 l²(lig-

244 1098 346 1129 nante,
372 1093 505 1129 moranti,
532 1098 731 1133 tempestates
757 1094 870 1123 sedatae
893 1099 975 1130 sunt,
1004 1098 1035 1124 et
1060 1093 1154 1124 maria
1178 1094 1393 1133 tranquillata3
1417 1099 1448 1125 et
1472 1105 1588 1131 rursuS,

243 1143 366 1182 quando
381 1154 503 1174 necesse
519 1143 636 1179 habuit,
662 1154 753 1183 supra
768 1149 935 1174 memorata
950 1144 1116 1180 occasione,
1141 1148 1232 1173 ¹⁴orta
1255 1144 1401 1174 ¹⁵flamina
1415 1150 1588 1181 ventorum,

243 1200 275 1223 et
290 1198 426 1229 ventosa,
448 1204 519 1223 cum
535 1193 644 1229 voluit,
665 1193 810 1223 ¹⁶concita
825 1198 898 1223 sunt
913 1204 1045 1232 aequora,
1068 1205 1136 1233 quae
1152 1195 1383 1233 subsequenter,
1401 1199 1437 1224 ut
1452 1195 1590 1235 superius

244 1243 361 1273 dictum
378 1248 434 1279 est,
449 1243 578 1283 expletis
593 1243 660 1282 ejus
675 1242 841 1282 sepulturae
857 1242 1042 1279 ministeriis,
1056 1243 1086 1273 in
1103 1255 1246 1284 magnam
1261 1255 1406 1277 conversa
1421 1251 1494 1276 sunt
1509 1251 1591 1276 tran-

247 1294 442 1334 quillitatem.

310 1347 377 1377 Hic
393 1347 498 1386 itaque
517 1350 623 1376 nostro
638 1345 823 1385 praedicabili
839 1350 967 1384 patrono
987 1344 1060 1375 vitae
1075 1345 1223 1375 terminus
1238 1344 1308 1381 suit,
1326 1346 1398 1376 ¹ista
1412 1347 1590 1377 meritorum

247 1398 389 1433 exordia3
412 1397 476 1437 qui,
502 1397 672 1427 secundum
697 1396 864 1426 sententias
883 1395 1120 1436 Scripturarum,
1138 1397 1273 1427 2aeternis
1296 1408 1396 1428 comes
1415 1397 1590 1438 triumphis,

248 1450 393 1480 Patribus
408 1450 542 1485 additus,
558 1448 719 1489 Apostolis
735 1454 766 1478 et
779 1448 942 1487 Prophetis
958 1453 1124 1482 consertus,
1136 1459 1263 1478 numero
1274 1453 1462 1489 aggregatus
1477 1449 1593 1478 albato-

246 1513 315 1531 rum
330 1501 459 1531 millium
474 1500 602 1541 Agnino
618 1500 649 1529 in
665 1499 813 1540 sanguine
828 1510 896 1529 snas
915 1498 1097 1530 Sanctorum
1115 1499 1168 1539 qui
1182 1499 1324 1530 laverunt
1339 1499 1441 1535 stolas,
1460 1500 1591 1540 Agnum

246 1552 406 1582 ductorem
421 1551 608 1586 comitatur&
631 1550 719 1591 virgo
742 1549 965 1586 immaculatus,
989 1550 1027 1580 ab
1043 1550 1124 1579 omni
1140 1550 1261 1591 integer
1275 1550 1353 1586 labe,
1376 1550 1442 1590 ipso
1458 1550 1593 1580 Domino

247 1608 352 1634 nostro
367 1603 391 1634 J
392 1614 446 1634 esu
461 1603 586 1634 Christo
602 1603 750 1643 dignante
763 1614 770 1632 ε
794 1603 844 1633 cui
859 1607 906 1632 est
921 1613 990 1632 cuni
1008 1602 1101 1633 Patre
1117 1602 1222 1639 honor,
1239 1603 1347 1638 virtus,
1369 1603 1446 1639 laus,
1470 1603 1591 1643 ³gloria,

248 1659 280 1685 et
294 1655 456 1694 imperium
472 1654 692 1694 sempiternum
707 1653 737 1683 in
753 1653 872 1684 unitate
891 1653 1024 1694 Spiritus
1039 1653 1153 1690 Sancti,
1171 1664 1226 1694 per
1240 1654 1341 1684 onmia
1356 1654 1465 1685 saecula
1486 1658 1595 1684 ⁴¹saecu-

248 1705 358 1735 lorum.

297 1767 306 1781 4
317 1766 391 1788 ionam
408 1766 434 1787 B.
512 1767 521 1781 ⁵
532 1765 626 1793 replevit
644 1766 671 1787 D.
746 1764 756 1778 ¹3
769 1766 831 1788 filioli
849 1766 875 1787 B.
947 1767 956 1780 ⁷
969 1765 1100 1793 probabitur
1117 1764 1141 1787 C.
1212 1767 1221 1781 b
1232 1766 1377 1793 exequiarum
1390 1766 1419 1787 D.
1484 1768 1493 1781 ⁴³
1504 1774 1545 1788 om.
1563 1766 1591 1787 B-

253 1798 270 1812 ¹⁰
281 1804 322 1819 om.
336 1797 364 1818 D.
425 1798 439 1813 ¹1
451 1804 492 1819 om.
507 1796 535 1818 D.
599 1798 614 1813 12
626 1797 723 1818 donante
734 1796 760 1818 F.
820 1798 837 1812 ¹³
850 1798 926 1818 orante
939 1796 967 1818 D.
1025 1797 1074 1812 14‘15
1085 1799 1133 1817 orto
1145 1796 1233 1818 flamine
1245 1797 1263 1818 C
1282 1797 1311 1818 D.
1376 1798 1393 1812 ¹5
1404 1797 1516 1819 concitata
1527 1797 1552 1819 C.
1564 1797 1591 1818 D-

253 1829 258 1843 ¹
271 1828 305 1849 ita
316 1828 341 1850 C.
406 1829 415 1844 ²
427 1831 522 1849 aeternus
536 1828 563 1849 D.
628 1828 637 1841 ³
649 1830 671 1849 et
682 1828 735 1849 add.
746 1828 772 1849 B.
837 1828 845 1843 ⁴
858 1834 923 1849 amen
935 1827 989 1849 add.
1000 1827 1026 1849 C.
1037 1827 1064 1848 D.
1076 1827 1099 1849 F.
1111 1827 1133 1849 S.
1168 1828 1279 1856 hucusque
1290 1828 1337 1849 vita
1350 1828 1374 1850 C.
1386 1828 1413 1849 D.
1424 1828 1447 1849 F.
1459 1828 1481 1849 S.
1500 1828 1595 1856 explicit

253 1859 301 1881 vita
312 1859 383 1881 sancti
395 1859 497 1881 columbe
508 1859 597 1880 abbatis
608 1859 639 1881 D.

281 1937 291 1952 ἃ
305 1936 364 1960 Sine
373 1935 457 1967 pluvia
472 1935 694 1966 tempestas—The
709 1935 774 1958 wind
787 1935 897 1965 blowing

251 1978 315 2000 from
326 1977 368 2000 the
381 1977 407 2000 S.
417 1976 444 1999 E.
457 1984 544 1999 causes
560 1984 575 1999 a
587 1983 646 2006 very
659 1975 751 1999 violent
764 1983 806 1998 sea
817 1976 842 1998 in
854 1976 897 1999 the

250 2017 361 2044 channel,
375 2016 423 2039 and
436 2017 478 2039 the
490 2024 557 2039 more
570 2024 597 2039 so
606 2016 675 2039 when
687 2016 897 2046 unaccompanied

948 1934 1054 1960 Sanctis,
1067 1934 1148 1956 where
1160 1933 1281 1964 speaking
1293 1933 1321 1956 of
1328 1934 1468 1957 Jerusalem
1480 1934 1510 1957 he
1522 1942 1592 1965 says:

949 1975 1039 1997 “Hinc
1054 1982 1115 2005 ergo
1130 1982 1177 1997 non
1191 1974 1348 2005 negligenter
1363 1974 1532 1998 adnotandum
1544 1978 1591 2002 est,

947 2017 1034 2047 quanti
1053 2020 1078 2040 et
1095 2017 1175 2047 qualis
1194 2017 1294 2040 honoris
1312 2017 1365 2040 haec
1387 2017 1468 2040 electa
1486 2021 1511 2040 et
1530 2025 1594 2048 prae-

250 2059 283 2088 by
299 2058 361 2080 rain.
395 2057 477 2079 While
489 2057 509 2079 it
524 2057 641 2087 prevails,
656 2057 727 2079 small
746 2056 819 2080 boats
835 2057 896 2080 dare

251 2102 295 2121 not
307 2101 411 2120 venture
423 2104 516 2120 across.
552 2098 597 2120 See
609 2097 623 2119 i.
637 2104 652 2126 4
662 2097 698 2127 (p.
709 2097 750 2126 28)
761 2106 837 2126 supra.

281 2144 289 2155 θ
302 2139 393 2167 Quanti
404 2142 426 2161 et
438 2137 515 2168 qualis
529 2137 722 2160 honoris.-The
736 2137 800 2160 form
816 2137 844 2160 of
854 2145 895 2161 ex-

251 2180 363 2210 pression
380 2186 467 2202 occurs
482 2179 507 2202 in
521 2179 672 2202 Adamnan's
689 2182 757 2202 tract
769 2178 811 2203 De
823 2179 895 2202 Locis

946 2058 1059 2082 dicabilis
1076 2058 1165 2081 civitas
1180 2058 1205 2080 in
1221 2061 1356 2088 conspeetu
1371 2059 1458 2081 aeterni
1473 2059 1594 2089 genitoris

945 2099 1248 2126 habeatur.’¹.-Mahillon,
1263 2099 1320 2122 Aet.
1334 2099 1378 2122 SS.
1391 2099 1452 2122 Ord.
1465 2099 1592 2122 Benedict.

947 2140 1006 2162 Saec.
1019 2139 1051 2161 iii.
1065 2142 1099 2169 pt.
1111 2139 1135 2161 ii.
1148 2146 1170 2169 p.
1180 2146 1224 2168 457
1240 2139 1341 2168 (venet.
1354 2141 1432 2169 1734)-

975 2185 985 2196 ³
999 2180 1233 2204 Conzitatur.-Rev.
1245 2180 1294 2203 xiv.
1307 2188 1329 2209 4.
