1850 2692
284 284 343 303 cn.
357 284 400 309 21,
416 276 475 313 zz.]
776 271 921 306 Auctore
936 271 1154 308 Adammmo.
1564 293 1630 326 227

284 437 324 457 DE
342 437 418 458 ALIA
433 438 645 460 ANGELORUM
661 440 783 462 SANCTO
802 441 1033 464 MANIFESTATA
1049 444 1126 466 VIRO
1143 445 1380 476 APPARITIONE,
1399 448 1485 472 QUOS
1501 451 1633 473 SANCTAE

346 489 423 510 EJUS
449 490 564 510 ANIMAE
590 491 734 512 OBVIARE
763 493 988 522 INCIPIENTES,
1018 496 1114 520 QUASI
1141 498 1214 519 Mox
1236 499 1279 519 DE
1304 500 1459 522 CORPORE
1489 503 1632 525 VIDERAT

344 540 561 562 MlGRATtJRAE.

337 601 429 632 Amo
441 601 473 632 in
484 607 647 643 tempore²¹‚
661 603 735 634 dum
752 604 799 635 vir
813 605 921 637 beatus
936 606 968 637 in
978 606 1056 639 Ioua
1070 616 1278 642 commaneret
1292 611 1402 650 insula,
1413 615 1558 654 ⁴¹quadam
1570 616 1631 647 ⁵die

280 657 385 684 sancta
399 653 491 685 facies
506 654 572 694 ejus
593 654 695 686 subita
709 656 849 688 ⁶mirifica
865 663 897 689 et
917 659 1053 692 ⁷1aetifiea
1067 661 1222 693 hilaritate
1242 663 1384 701 effloruit,
1408 666 1575 708 oculosque
1591 669 1631 699 ad

279 703 389 736 eoelum
405 705 538 741 elevans,
553 706 784 747 incomparabili
798 709 934 750 repletus
948 712 1072 751 gaudio,
1090 713 1180 745 valde
1194 714 1418 747 laetificabatur.
1462 717 1545 749 Tum
1560 724 1631 759 post

278 755 434 786 modicum
449 756 578 797 alicujus
594 759 801 790 flmomentioli
820 761 1029 799 intervallum,
1051 763 1104 794 illa
1119 765 1224 806 sapida
1245 771 1277 797 et
1295 767 1397 799 suavis
1416 768 1583 801 laetificatio
1598 771 1630 801 in

278 810 415 837 maestam
441 808 633 839 convertitur
655 809 922 842 tristificationem.
975 813 1049 844 Duo
1071 825 1145 846 vero
1167 816 1235 853 viri,
1259 817 1313 857 qui
1336 818 1443 849 eadem
1466 819 1542 851 hora
1563 821 1629 861 ejus

279 857 426 898 tugurioli
441 858 480 888 ad
491 858 619 898 januam
635 860 786 897 stabantb‚
812 863 895 902 quod
910 863 942 893 in
965 864 1165 896 eminentiore
1186 866 1269 897 lococ
1292 872 1357 898 erat
1379 869 1573 907 fabricatum,
1597 877 1630 902 et

275 907 334 949 ipsi
349 918 420 939 cum
440 919 476 939 eo
495 909 584 940 valde
604 911 780 949 tristificati,
803 924 935 954 quorum
958 926 1037 946 unus
1060 916 1211 958 Lugneus
1234 924 1300 949 erat
1323 919 1526 958 ⁹Mocublai¹¹‚
1551 922 1629 954 alter

276 969 349 990 vero
365 959 438 990 Pilu
453 962 698 1001 nuncupabatur,
714 962 818 1000 Saxoe,
836 976 957 996 causam
973 966 1069 1007 ipsius
1085 969 1193 1000 subitae
1209 970 1372 1003 laetationis
1389 974 1583 1014 ¹⁰inquirunt,
1598 981 1630 1007 et

276 1009 358 1040 illius
375 1011 615 1052 llsubsequentis
631 1014 792 1045 maestitiae.
830 1016 886 1047 Ad
902 1028 979 1057 quos
994 1018 1125 1051 Sanetus
1140 1021 1183 1052 sic
1194 1023 1341 1062 profatur,
1358 1024 1408 1056 Ite
1423 1026 1455 1056 in
1470 1038 1554 1067 pace,
1572 1039 1629 1060 nee

276 1059 357 1091 illius
375 1061 560 1093 ¹²laetaminis
576 1074 709 1100 eausam,
726 1075 783 1097 nee
799 1067 918 1098 ¹3etiam
934 1067 1177 1108 tristificationis,
1194 1084 1212 1103 a
1227 1084 1276 1104 me
1291 1085 1373 1106 nunc
1387 1075 1549 1116 inquiratis
1564 1090 1628 1110 ma-

275 1111 423 1142 nifestari.
468 1113 541 1152 Quo
556 1114 673 1153 audito,
695 1116 890 1158 illacrymati,
913 1119 1193 1161 ¹⁴ingeniculantes,
1217 1126 1379 1164 prostratis
1402 1127 1435 1158 in
1455 1133 1537 1160 terra
1559 1131 1628 1162 vul-

274 1162 365 1199 tibus,
390 1163 568 1204 suppliciter
593 1171 713 1206 rogant‚
740 1168 816 1198 scire
840 1169 978 1200 volentes
1004 1171 1121 1212 aliquid
1144 1174 1182 1204 de
1207 1175 1259 1206 illa
1284 1187 1317 1207 re
1339 1188 1408 1217 quae
1422 1179 1498 1210 hora
1519 1181 1626 1212 eadem

277 1213 390 1244 Sancto
413 1220 478 1244 erat
498 1215 644 1245 revelata.
689 1217 777 1255 Quos
802 1219 892 1249 valde
916 1220 1104 1253 tristificatos
1128 1223 1246 1261 videns,
1272 1226 1355 1265 Quia
1377 1239 1441 1265 vos,
1468 1230 1520 1267 ait,
1546 1242 1624 1268 amo,

276 1262 466 1294 ¹⁵tristificari
481 1264 563 1295 nolo.
608 1266 795 1299 Promittere
812 1273 831 1288 ¹⁶
837 1270 921 1309 prius
942 1272 1060 1303 debetis
1080 1285 1119 1305 ne
1137 1275 1193 1305 ulli
1208 1276 1367 1309 hominum
1388 1284 1628 1313 sacramentums

273 1314 357 1353 quod
381 1314 537 1355 inquiritis
560 1317 592 1347 in
617 1318 681 1349 vita
704 1330 772 1350 mea
795 1322 943 1361 prodatis.
988 1324 1053 1363 Qui
1068 1326 1224 1364 continuo,
1248 1331 1443 1362 ¹⁷secundum
1463 1333 1528 1373 ejus
1543 1345 1625 1365 eom—

272 1365 509 1403 mendationem,
528 1372 694 1410 ¹⁸pr0mpte
707 1371 924 1410 promiserunt.
968 1372 1014 1404 Et
1028 1380 1099 1414 post
1114 1376 1208 1406 talem
1224 1379 1456 1418 promissionem
1472 1383 1519 1413 vir
1534 1395 1626 1415 vene-

271 1417 384 1448 randus
407 1418 448 1449 sic
471 1419 510 1448 ad
525 1430 576 1450 eos
600 1421 829 1462 1⁹pr010quitur,
848 1423 958 1464 Usque
981 1424 1013 1455 in
1033 1425 1125 1463 hunc,
1146 1427 1298 1468 inquiens,
1324 1438 1507 1472 praesentem
1531 1435 1622 1473 diem,

271 1478 345 1498 meae
360 1468 392 1498 in
407 1468 596 1501 ²⁰Britannia
607 1473 861 1514 peregrinationis
877 1475 996 1506 terdeni
1011 1478 1156 1519 completi
1168 1486 1241 1511 sunt
1252 1483 1350 1513 anniss.
1382 1483 1506 1516 Interea
1518 1487 1623 1518 multis

270 1522 341 1548 ante
356 1518 464 1550 diebus
479 1531 496 1550 a
507 1520 643 1553 Domino
657 1534 726 1554 meo
738 1524 850 1556 devote
865 1527 1030 1566 postulavi,
1040 1528 1120 1559 utin
1135 1530 1196 1561 fine
1208 1531 1353 1564 tricesimi
1364 1534 1417 1575 huj
1423 1547 1456 1566 us
1465 1538 1623 1577 praesentis

270 1569 342 1599 anni
357 1581 406 1601 me
420 1571 459 1601 (le
475 1582 542 1602 meo
557 1574 730 1606 absolveret
749 1576 895 1613 incolatu,
921 1583 953 1609 et
967 1579 1006 1609 ad
1022 1580 1175 1612 eoelestem
1191 1584 1322 1624 patriam
1344 1586 1426 1617 iflico
1448 1588 1622 1620 advocaret.

315 1660 346 1677 4-5
356 1668 398 1682 om.
409 1661 436 1682 D.
502 1664 511 1678 6
522 1666 544 1684 et
555 1664 608 1685 add.
623 1665 649 1686 D.
713 1668 723 1683 7
734 1666 868 1696 laetificaque
880 1668 908 1690 D.
973 1671 983 1685 8
994 1672 1102 1693 momenti
1115 1672 1143 1694 D.
1209 1676 1218 1690 ⁵
1229 1682 1270 1696 om.
1282 1675 1307 1697 C.
1317 1676 1344 1697 D.
1355 1676 1379 1698 F.
1389 1676 1410 1699 S.
1478 1679 1496 1693 ¹⁰
1507 1678 1579 1701 leticie
1592 1680 1618 1702 Β.

270 1690 425 1713 laetificationis
437 1692 462 1714 C.
472 1693 500 1715 D.
563 1696 577 1711 ¹¹
589 1696 748 1724 subsequentes
760 1698 786 1719 B.
845 1700 863 1714 ¹²
874 1699 959 1722 laetitiae
972 1701 998 1723 Β.
1060 1703 1078 1718 ¹³
1089 1706 1111 1724 et
1123 1703 1147 1726 C.
1211 1706 1228 1721 ¹¹
1239 1709 1261 1727 et
1273 1707 1326 1729 add.
1340 1708 1365 1729 C.
1427 1710 1444 1724 ¹⁵
1455 1709 1582 1733 tristificare
1593 1712 1619 1732 Β.

270 1723 288 1737 ¹⁵
300 1723 354 1744 mihi
365 1723 418 1744 add.
432 1723 461 1745 D.
529 1726 545 1741 ¹7
557 1730 659 1749 sanctam
671 1728 696 1750 C.
763 1731 782 1745 1⁸
793 1734 897 1758 prompta
910 1731 935 1752 B.
1002 1734 1020 1748 ¹⁹
1032 1733 1160 1762 alloquitur.
1226 1738 1246 1753 2⁰
1259 1738 1406 1761 brittanniam
1418 1740 1447 1761 D.

299 1805 308 1815 ⁵¹
320 1800 379 1824 Alio
394 1802 419 1824 in
435 1804 645 1832 tempora—This
661 1813 712 1829 was
727 1806 752 1829 in
768 1815 822 1838 593,
839 1809 920 1840 thirty
969 1818 1050 1841 supra.
1083 1812 1123 1836 On
1135 1813 1178 1836 the
1190 1821 1307 1839 sur-name
1319 1824 1360 1840 see
1372 1817 1387 1840 i.
1399 1825 1429 1847 43
1445 1818 1479 1848 (p.
1489 1820 1530 1850 81)
1539 1827 1620 1851 supra.

267 1848 340 1870 years
360 1841 427 1864 after
446 1842 482 1865 St.
497 1843 638 1868 Columba's
658 1846 802 1871 settlement
822 1849 846 1871 in
867 1849 916 1880 Hy,
999 1857 1008 1867 0
1021 1852 1177 1877 Saxa-See
1189 1858 1247 1878 note
1257 1862 1273 1885 ¹¹,
1286 1865 1340 1888 cap.
1356 1866 1383 1880 10
1394 1860 1429 1889 (p.
1445 1860 1501 1890 208)
1513 1869 1594 1891 snpra.

266 1881 315 1904 and
336 1882 392 1905 four
412 1890 485 1913 years
505 1884 591 1908 before
609 1886 647 1909 his
666 1887 750 1911 death.
787 1890 842 1913 The
860 1891 917 1914 sub·
999 1893 1006 1908 ¹
1017 1892 1284 1920 Sacramentum—See
1295 1898 1310 1921 ἰ.
1319 1906 1348 1928 43
1362 1900 1396 1929 (p.
1412 1900 1462 1930 84),
1476 1908 1507 1930 50
1519 1904 1552 1932 (p.
1567 1903 1616 1932 99).

267 1926 353 1946 stance
364 1923 393 1946 of
401 1924 451 1947 this
464 1925 568 1955 chapter
580 1926 600 1949 is
612 1927 689 1951 taken
701 1928 764 1952 from
777 1930 915 1955 Cummian.
967 1940 1021 1964 cap.
1033 1934 1047 1956 6
1060 1935 1095 1964 (p.
1106 1936 1171 1966 203),
1187 1944 1199 1966 7
1215 1938 1251 1968 (p.
1265 1939 1331 1969 205),
1346 1948 1428 1971 supra.

298 1964 308 1979 b
320 1963 513 1989 Stabant.-See
525 1970 583 1990 note
595 1972 611 1994 ⁰,
624 1975 679 1999 cap.
696 1977 722 1999 15
734 1971 769 2001 (p.
782 1972 839 2001 216)
852 1980 916 2003 supr.
997 1979 1008 1994 Β
1025 1974 1128 1999 Terdeni
1139 1978 1289 2003 amul—An.
1299 1980 1353 2010 563,
1366 1981 1499 2012 Naviyatio
1516 1983 1618 2007 coluim-

297 2008 307 2018 ε
319 2003 481 2028 Eminentiore
493 2005 633 2030 lom—We
649 2016 693 2032 are
710 2011 800 2034 unable
816 2019 878 2035 even
889 2016 917 2036 to
966 2013 1019 2038 cille
1031 2016 1064 2038 ad
1075 2017 1174 2041 insulam
1186 2019 1216 2042 Ia
1228 2021 1300 2043 elatis
1312 2030 1353 2045 sue
1364 2021 1415 2045 xlii.
1427 2023 1528 2054 (Tigh.)
1549 2024 1617 2048 Bede

267 2044 411 2074 conjecture
425 2046 507 2069 where
522 2047 572 2070 this
590 2052 647 2079 spot
659 2057 719 2078 was,
739 2059 767 2074 as
782 2052 816 2075 all
831 2056 916 2077 traces
966 2055 1095 2080 subtracts
1105 2061 1155 2082 two
1163 2067 1237 2090 years
1245 2061 1309 2084 from
1317 2063 1359 2086 the
1366 2066 1438 2091 term,
1448 2064 1487 2086 for
1496 2065 1525 2087 he
1533 2065 1616 2095 places

266 2084 294 2106 ot*
300 2084 342 2107 the
354 2084 461 2115 original
473 2091 618 2120 monastery
627 2090 691 2113 have
702 2091 762 2123 long
774 2093 841 2117 since
853 2094 915 2118 been
964 2095 1002 2119 his
1017 2099 1136 2129 namyatio
1148 2103 1176 2123 at
1184 2102 1239 2131 565,
1251 2103 1299 2125 and
1311 2103 1349 2126 his
1362 2104 1437 2128 death
1448 2107 1527 2135 “post
1538 2114 1615 2130 annos

265 2126 346 2153 swept
359 2131 438 2154 away·
965 2137 1067 2161 circiter
1076 2140 1184 2170 triginta
1196 2146 1221 2165 et
1230 2143 1291 2166 duos
1303 2151 1333 2168 ex
1344 2152 1391 2175 quo
1400 2146 1452 2176 ipse
1463 2146 1615 2171 Brittaniam

296 2165 306 2178 =¹
318 2163 430 2194 Laqueus
448 2165 613 2191 Mocublai.—
622 2170 667 2193 See
687 2179 741 2203 cap.
758 2181 784 2202 ¹5
803 2175 838 2204 (p.
857 2176 914 2206 216)
964 2178 1147 2207 praedieaturus
1160 2182 1236 2206 adiiv‘
1247 2184 1290 2213 (Η.
1303 2185 1329 2207 Ε.
1342 2185 1375 2208 iii.
1388 2187 1424 2215 4).

878 2216 977 2248 2G2
