1850 2692
741 259 887 296 Auctore
903 260 1121 296 Adamnano.

252 280 311 299 CAP.
329 269 389 307 ²3·]
1535 273 1553 294 2
1560 273 1602 306 29

253 367 432 387 concessum
446 360 522 391 erat,
539 355 564 384 si
580 355 765 391 maluissem,
781 355 939 396 emigrare.
986 355 1047 387 Sed
1070 366 1109 386 ne
1133 355 1220 386 vobis
1244 355 1361 385 laetitiae
1384 354 1549 385 ⁸festivitas
1571 355 1603 385 in

253 408 410 438 tristitiam
428 411 610 442 verteretur,
628 406 709 436 diem
724 417 799 437 meae
814 407 852 437 de
868 407 982 437 mundo
998 406 1206 448 emigrationis
1222 406 1313 447 paulo
1328 406 1444 436 diutius
1460 406 1604 446 protelari

252 459 357 490 malui.
402 459 462 489 His
477 459 515 489 ab
531 469 567 489 eo
583 458 711 488 ⁹maestis
727 458 868 489 monachi
882 458 1044 489 familiares
1060 458 1173 489 auditis
1188 457 1310 489 interim
1326 457 1415 488 dictis
1431 458 1520 488 valde
1535 458 1605 488 tris-

252 510 362 540 tificati
384 514 474 540 sunt:
498 520 575 549 quos
596 508 628 538 in
646 514 798 548 quantum
820 513 942 549 poterat
964 508 1065 539 verbis
1090 508 1182 548 coepit
1204 508 1415 539 consolatoriis
1437 507 1603 539 laetificare.

253 561 377 600 Quibus
398 560 503 596 finitis,
525 565 562 590 ut
581 565 646 590 erat
664 560 697 590 in
716 560 859 591 vehiculo
876 560 993 596 sedens,
1011 559 1050 590 ad
1073 559 1233 590 orientemss
1249 570 1335 589 suam
1357 564 1539 590 convertens
1561 559 1605 589 fa-

252 611 339 647 ciem,
357 611 488 641 insulam
504 621 574 641 cum
593 610 740 641 insulanis
755 610 915 641 benedixit
930 610 1152 641 habitaton'bus
1161 622 1169 646 ;
1186 622 1224 641 ex
1239 622 1300 651 qua
1314 611 1374 647 die,
1388 616 1423 641 ut
1440 611 1497 641 ¹⁰in
1512 622 1604 651 supra

252 668 420 693 memorato
439 667 641 693 llcaraxatum
658 669 705 692 est
727 662 848 698 libellos,
868 662 1042 702 viperarum
1062 672 1180 692 venena
1201 661 1396 692 trisulcarum
1416 662 1605 703 linguarum&

252 725 351 754 usque
366 714 399 744 in
413 713 595 744 hodiernum
611 713 702 749 diem,
720 713 805 744 nullo
825 714 916 744 modo
935 718 990 744 aut
1011 713 1128 744 homini
1142 718 1196 744 aut
1211 713 1312 754 pecori
1335 724 1445 744 nocere
1464 719 1603 754 potuere.

252 764 331 795 Post
345 765 482 804 ejusdem
497 765 718 795 benedictionis
733 766 826 795 verba
844 765 975 796 Sanctus
990 765 1029 795 ad
1045 776 1134 795 suum
1151 765 1334 796 ¹²revehitur
1348 766 1577 796 monasterium.

309 815 393 846 Tum
408 816 547 856 proinde,
564 816 668 856 paucis
684 816 791 847 diebus
807 817 978 852 transactis,
993 817 1092 847 ¹³dum
1107 816 1268 847 missarum
1284 817 1440 853 solemnia,
1455 828 1492 848 ex
1508 828 1603 854 more,

253 866 416 898 Dominica
435 867 663 897 celebrarentur
678 867 737 903 die,
759 868 871 904 subito,
892 879 1013 898 sursum
1035 867 1161 898 elevatis
1182 867 1288 904 oculis,
1310 867 1402 898 facies
1423 868 1605 899 venerabilis

250 918 310 948 viri
327 918 460 949 “florido
475 929 613 959 respersa
629 920 763 950 ¹⁵rubore
779 919 921 950 videtur:
938 920 1019 960 quia,
1031 920 1111 950 sicut
1121 920 1270 960 scriptum
1289 925 1345 956 est,
1363 920 1466 951 Corde
1482 921 1605 951 laetante

251 971 358 1001 vultus
373 971 487 1001 floreth.
531 970 651 1001 Eadem
671 982 804 1011 namque
819 972 895 1002 hora
914 971 1059 1012 angelum
1076 971 1203 1001 Domini
1219 982 1310 1012 supra
1325 971 1506 1002 volitantem
1522 971 1605 1002 solus

252 1021 330 1052 vidit
346 1021 427 1052 intra
448 1021 544 1062 ipsius
566 1022 690 1052 oratorii
706 1023 856 1062 parietes:
879 1028 910 1053 et
925 1023 998 1062 quia
1017 1027 1193 1053 sanctorum
1215 1022 1395 1063 angelorum
1415 1023 1554 1053 amabilis
1575 1027 1607 1053 et

252 1072 437 1112 tranquillus
457 1078 599 1113 aspectus
615 1073 763 1113 gaudium
779 1078 810 1103 et
833 1073 1056 1104 exultationem
1076 1074 1245 1104 electorum
1260 1074 1436 1114 pectoribus
1456 1074 1604 1110 infundit,

252 1123 319 1154 haec
333 1123 393 1154 fuit
415 1123 497 1153 illius
517 1123 626 1153 subitae
645 1135 736 1154 causa
750 1124 867 1155 laetitiae
882 1125 972 1155 beato
993 1125 1095 1155 infusa
1110 1125 1187 1156 viro.
1232 1126 1282 1157 De
1301 1138 1363 1166 qua
1383 1127 1499 1157 scilicet
1514 1139 1605 1158 eausa

253 1173 434 1214 ¹⁶inspiratae
456 1173 652 1210 ¹⁷laetationis,
684 1185 755 1204 cum
781 1174 834 1214 qui
854 1174 975 1205 inerant
1003 1175 1118 1205 ibidem
1140 1181 1304 1215 praesentes
1327 1176 1527 1216 inquirerent,
1549 1177 1608 1208 hoc

253 1224 296 1255 eis
314 1224 446 1255 Sanctus
461 1235 651 1264 responsum,
670 1235 791 1254 sursum
811 1224 986 1264 respiciens,
1003 1225 1100 1260 dedit,
1118 1225 1200 1255 Mira
1221 1231 1252 1256 et
1267 1227 1512 1267 incomparabilis
1529 1232 1608 1258 ¹⁵an—

252 1275 359 1316 gelicae
375 1275 530 1305 subtilitas
545 1280 676 1305 naturae.
712 1275 795 1306 Ecce
810 1275 891 1305 enim
907 1275 1035 1315 angelus
1052 1275 1190 1312 Domini,
1207 1277 1246 1306 ad
1262 1278 1466 1317 repetendum
1481 1278 1607 1318 aliquod

252 1326 321 1357 Deo
336 1337 440 1358 carum
455 1327 564 1357 missus
579 1326 764 1366 depositum,
787 1330 867 1356 ¹⁹n0s
883 1326 1014 1366 desuper
1029 1327 1111 1357 intra
1126 1327 1285 1358 ecelesiam
1300 1328 1449 1368 aspiciens
1465 1335 1497 1359 et
1512 1330 1606 1360 bene—

252 1377 367 1415 dicens,
388 1388 510 1407 rursum
526 1388 580 1417 per
598 1376 824 1417 201>arastioiam³
843 1376 978 1407 ecclesiae
994 1388 1145 1414 reversus,
1168 1378 1253 1408 nulla
1268 1379 1338 1409 talis
1359 1380 1491 1421 vestigia
1507 1381 1608 1411 exitus

300 1468 309 1482 Β
319 1466 450 1488 festivitatis
462 1467 486 1489 C.
551 1466 561 1480 ⁹
574 1467 646 1489 maesti
658 1467 683 1489 C.
750 1469 768 1483 10
780 1475 821 1489 om.
835 1467 863 1488 D.

930 1469 944 1484 ¹¹
955 1471 1075 1490 craxatum
1087 1469 1115 1491 A.
1150 1472 1272 1492 tractatum
1285 1471 1348 1500 Colg.
1362 1472 1419 1494 Bou.
1486 1475 1503 1489 1²
1515 1475 1607 1496 reverti-

253 1500 290 1518 tur
305 1497 368 1525 Colg.
381 1498 440 1520 Boll.
506 1498 524 1513 ¹3
535 1505 587 1519 cuni
608 1499 635 1519 1).
711 1499 729 1514 14
741 1498 817 1520 floride
835 1499 863 1520 D.
939 1500 956 1515 ¹5
967 1507 1009 1521 om.
1026 1500 1054 1521 D.
1131 1502 1149 1517 ¹⁶
1160 1502 1278 1530 iusperatae
1298 1503 1322 1525 C.
1337 1504 1394 1525 Bou.
1463 1505 1479 1520 ¹⁷
1492 1505 1571 1527 laeticie
1579 1506 1605 1527 B.

254 1530 272 1544 ¹³3
283 1532 317 1550 est
327 1529 381 1550 add.
394 1529 420 1551 C.
487 1530 505 1545 ¹⁹
516 1533 538 1551 et
550 1529 608 1551 Boll.
679 1531 700 1545 2⁰
710 1530 856 1557 parusticiam
869 1530 934 1559 Colg.
948 1530 1005 1552 Bou.

283 1608 293 1622 ¹¹
305 1606 436 1630 Desiderio
454 1607 770 1632 deslderavi.-Borrowed
787 1609 852 1633 from
866 1610 902 1633 St.

254 1647 332 1676 Luke⁷
345 1648 404 1671 xxii.
421 1655 455 1677 15.

285 1694 294 1705 ἓ
308 1689 520 1714 Orientem—Ro
542 1692 584 1719 poi
606 1698 659 1720 epo
682 1698 770 1721 inmun
795 1699 810 1716 a
833 1694 903 1722 (15οῠ

253 1737 313 1759 piem
331 1737 364 1754 co
375 1737 412 1760 ῃο
424 1731 548 1754 bennoch
562 1738 596 1754 no
614 1733 713 1761 h-m‘opi
731 1740 799 1757 cono
818 1734 904 1757 h-fflc-

254 1771 401 1800 menenio,
427 1774 432 1784 ⁴
445 1772 484 1794 He
504 1772 563 1795 then
584 1773 675 1795 turned
694 1773 731 1796 his
759 1774 813 1797 face
838 1779 904 1798 west-

253 1811 339 1839 wards,
360 1812 409 1835 and
432 1812 463 1835 he
485 1812 583 1836 blessed
603 1814 646 1836 the
669 1814 757 1844 island,
783 1816 843 1838 with
871 1816 905 1839 its

253 1853 566 1877 inhabitants.¹-Ancient
578 1854 643 1877 Irish
657 1855 722 1887 szse.

293 1895 387 1926 ‘Supra
399 1899 523 1918 memorato
536 1894 704 1919 libella—See
716 1897 741 1920 ii.
755 1898 791 1924 28,
806 1906 887 1929 supra.

284 1942 294 1957 S
311 1935 472 1959 Trisulcarum
492 1935 747 1969 linyuarum.-—Virg.,
761 1939 853 1970 Georg.
867 1939 903 1963 iii.

254 1985 308 2007 439,
323 1977 379 2000 ΖΕΗ.
391 1977 415 1999 ii.
428 1983 482 2006 475.

286 2017 296 2032 ¹¹
311 2017 593 2047 Vultusfloret.—“Cor
605 2019 718 2049 gaudens
731 2020 856 2044 exhilarat
868 2021 905 2044 fa-

255 2058 446 2081 ciem.”—Prov.
459 2067 497 2081 xv.
515 2067 548 2088 13,
561 2060 636 2090 Vulg.
677 2060 794 2084 Sabatier
811 2062 855 2085 has
873 2070 905 2085 no

261 2098 345 2122 Versio
358 2099 466 2128 Antiqua
478 2099 517 2122 for
529 2100 578 2122 this
592 2108 706 2131 passage.

292 2139 572 2162 ‘Parasticiant-The
594 2141 736 2165 Bollandist
758 2142 840 2166 editor
862 2144 905 2166 ob-

255 2187 353 2202 serves:
366 2180 446 2203 “Mihi
456 2180 554 2203 videtur
563 2181 602 2204 hic
615 2182 726 2206 fenestra
739 2187 782 2207 aut
793 2184 905 2207 foramen

953 1610 1054 1641 aliquod
1066 1611 1134 1635 circa
1146 1612 1233 1643 templi
1246 1615 1342 1636 tectum
1355 1614 1515 1644 signifieari.⁷’
1537 1616 1607 1646 (Jun.

953 1650 978 1673 ii.
993 1658 1016 1681 p.
1029 1651 1073 1680 236
1082 1652 1124 1681 a);
1139 1652 1188 1675 aud
1200 1653 1225 1675 in
1237 1653 1279 1676 the
1292 1653 1371 1677 Index
1384 1654 1549 1679 Onomasticus
1565 1664 1608 1679 ex-

952 1691 1034 1721 plains
1048 1691 1185 1715 Paruseicia
1204 1694 1235 1724 by
1245 1696 1370 1724 posticum,
1379 1695 1517 1726 fenestella.
1554 1697 1608 1720 The

956 1736 1058 1762 present
1074 1734 1094 1755 is
1108 1734 1150 1756 the
1165 1735 1222 1765 only
1237 1736 1366 1767 authority
1382 1737 1421 1759 for
1437 1737 1480 1760 the
1497 1738 1566 1760 word
1584 1739 1608 1761 in

957 1774 997 1796 Du
1005 1774 1097 1805 Gange,
1107 1775 1161 1798 who
1173 1784 1291 1807 proposes
1301 1779 1427 1808 posticium
1440 1786 1467 1802 as
1478 1779 1511 1802 its
1524 1780 1609 1810 expla-

955 1815 1049 1843 namon,
1070 1815 1173 1847 adding,
1197 1817 1271 1840 “Alii
1295 1826 1309 1841 a
1330 1821 1399 1849 παρὰ
1423 1823 1449 1842 et
1471 1821 1544 1844 statio
1567 1821 1608 1843 de-

955 1855 1057 1885 ducunt,
1071 1858 1142 1887 quasi
1154 1858 1186 1881 ad
1203 1860 1354 1883 seminamus·
1371 1861 1496 1891 (Glossar.
1510 1863 1533 1884 in
1546 1864 1607 1892 voc.)

956 1897 1077 1921 Mabillon
1097 1899 1150 1922 also
1169 1901 1334 1931 conjectures,
1353 1903 1434 1933 “sorte
1452 1904 1609 1933 posticiaml’

956 1937 1071 1968 Colgan's
1095 1940 1195 1962 version
1219 1941 1247 1964 of
1263 1942 1401 1965 O'Donuell
1424 1947 1567 1974 represents
1588 1945 1608 1967 it

955 1978 987 2009 by
1002 1983 1073 2010 “per
1090 1981 1203 2004 ecclesiae
1222 1983 1358 2012 parietem''
1390 1984 1434 2013 (iii.
1448 1993 1487 2014 49,
1503 1985 1547 2007 Tr.
1560 1985 1608 2008 Th.

955 2028 979 2051 p.
992 2028 1038 2049 440
1049 2022 1083 2051 α).
1121 2022 1173 2046 But
1188 2031 1252 2046 none
1268 2025 1296 2047 of
1309 2025 1378 2047 these
1397 2025 1606 2056 interpretation-‘3

954 2069 1049 2094 convey
1064 2064 1107 2086 the
1126 2065 1239 2088 author's
1258 2066 1380 2097 meaning,
1406 2067 1459 2090 who
1479 2067 1606 2091 describes

955 2103 997 2126 the
1027 2105 1101 2135 angel
1125 2114 1152 2129 as
1183 2114 1238 2129 over
1268 2107 1309 2130 the
1343 2109 1532 2138 congregation,
1557 2110 1606 2132 and

954 2145 1103 2169 introduced
1128 2147 1153 2169 in
1177 2147 1237 2170 such
1262 2155 1276 2170 a
1299 2155 1353 2178 way
1375 2156 1401 2170 as
1425 2151 1451 2171 to
1478 2149 1546 2171 show
1564 2149 1607 2172 the

954 2185 1074 2210 subtilitas
1096 2187 1124 2210 of
1141 2188 1236 2218 angelic
1258 2191 1356 2215 nature,
1375 2189 1433 2212 that
1451 2189 1480 2217 is,
1497 2189 1607 2221 through
