1850 2692
264 290 327 322 162
735 285 813 320 Iff'z'ta
830 284 948 321 Sancti
969 284 1135 320 Columbce

1486 295 1557 332 [Lm.
1573 303 1602 321 11.

260 388 379 419 tuntur,
402 392 607 423 prosperaque
627 391 724 421 usque
746 380 785 410 ad
805 379 1025 410 2⁰ssritauniam
1049 379 1147 419 plenis
1171 379 1318 409 successit
1340 379 1498 420 navigatio
1520 380 1608 410 velis.

262 434 487 474 Libranusque,
511 438 675 473 postquam
697 431 736 461 ad
754 431 821 462 loca
842 436 1027 471 perventum
1047 435 1095 460 est
1120 430 1335 466 ²⁷Britannica,
1358 430 1442 460 illam
1468 431 1609 462 deserens

261 485 374 521 navim,
399 489 430 515 et
451 484 553 514 nautis
575 482 767 518 benedicens,
792 483 831 512 ad
853 488 992 512 sanctum
1016 481 1142 512 devenit
1163 481 1348 512 Columbam
1363 481 1395 511 in
1410 486 1430 500 ²³
1438 481 1515 512 Iona
1529 493 1611 512 eom-

261 540 431 567 morantem
445 535 554 565 insula.
600 534 663 573 Qui
678 533 822 564 videlicet
837 533 884 563 vir
899 533 1018 569 beatum,
1035 533 1207 573 gaudenter
1221 532 1389 572 suscipiens
1405 543 1485 569 eum,
1509 533 1612 563 omnia

263 598 330 627 quae
352 588 391 617 de
413 597 448 617 eo
470 587 502 616 in
521 586 630 616 itinere
652 590 719 615 aeta
741 590 823 619 sunt,
850 584 936 614 nullo
958 583 1017 614 alio
1037 583 1210 619 intimante,
1236 583 1325 623 plene
1347 584 1492 620 narravit,
1519 589 1550 615 et
1573 584 1611 614 de

262 639 396 674 domino,
414 643 445 668 et
461 637 564 667 uxoris
583 637 648 676 ejus
665 635 779 666 salubri
794 635 930 671 consilio,
955 635 1109 674 quomodo
1124 635 1262 674 ejusdem
1278 645 1369 665 suasu
1383 634 1530 665 liberatus
1545 640 1610 669 est;

263 690 301 720 (18
315 689 460 720 fratribus
476 699 618 728 quoque3
634 688 672 718 de
688 693 785 718 morte
800 687 904 727 patris,
921 692 952 717 et
967 687 1044 726 ejus,
1061 686 1149 717 finita
1164 686 1343 727 septimana,
1367 686 1556 727 sepultione;
1572 687 1611 717 de

263 748 370 779 matre,
387 747 419 773 et
433 742 471 772 de
486 741 588 771 fratris
609 745 783 781 opportuna
794 740 926 780 junioris
942 739 1145 770 subventione
1158 751 1166 775 ;
1189 740 1228 770 de
1250 739 1297 769 his
1312 750 1380 779 quae
1396 739 1427 769 in
1444 743 1611 779 2⁹regressu

262 800 330 824 aeta
351 798 443 829 sunt3
466 794 504 824 de
527 798 620 824 vento
643 792 804 829 contrario,
829 797 861 823 et
883 792 1035 827 secundm
1058 792 1096 822 de
1119 792 1220 822 verbis
1247 796 1409 822 nautarum
1433 791 1486 831 qui
1512 791 1610 831 primo

263 857 333 876 eum
348 845 500 885 suscipere
514 849 704 880 recusarunt,
729 844 767 874 de
788 843 988 883 promissione
1002 843 1139 883 prosperi
1155 843 1265 879 flatus3
1289 848 1321 874 et
1335 844 1373 874 de
1396 853 1549 883 prospera,
1575 854 1611 873 eo

263 902 404 937 suscepto
428 897 460 926 in
484 895 566 932 navi,
592 896 678 926 venti
703 894 910 925 conversione.
958 894 1044 933 Quid
1070 894 1184 934 plura?
1229 894 1353 930 Omnia,
1381 905 1450 934 quae
1479 894 1611 925 Sanetus

262 948 457 988 adimplenda
478 947 683 987 prophetavit,
708 946 831 986 expleta
852 945 1016 976 enarravit.
1062 945 1139 976 Post
1159 945 1226 976 haeo
1247 946 1342 976 verba
1356 945 1456 976 viator
1477 945 1611 985 pretium

264 1011 325 1030 suae
348 999 432 1039 quod
455 1010 473 1028 a
500 998 613 1029 Sancto
637 997 781 1037 ³⁰accepit
804 995 1023 1036 redemptionis
1046 995 1223 1035 assignavit.
1268 995 1330 1026 Cui
1352 994 1483 1026 Sanctus
1505 995 1611 1025 eadem

263 1051 338 1081 hora
360 1049 542 1081 vocabulum
565 1049 687 1084 indidit,
712 1048 864 1088 inquiens,
889 1047 941 1077 Tu
958 1047 1112 1077 Libranus
1136 1046 1291 1077 vocaberis
1312 1057 1348 1076 eo
1364 1045 1448 1086 quod
1463 1045 1503 1075 sis
1523 1045 1610 1076 liber.

265 1101 328 1140 Qui
344 1101 485 1131 videlicet
509 1100 668 1130 ³¹Libran¹¹
691 1099 825 1129 ³2iisdem
848 1098 879 1128 in
895 1098 1003 1128 diebus
1018 1103 1126 1128 votum
1141 1097 1353 1128 monachicum
1368 1097 1499 1128 devotus
1515 1097 1611 1127 vovit.

263 1152 308 1183 Et
330 1163 399 1183 cum
416 1163 433 1182 a
448 1156 552 1182 sancto
575 1151 640 1181 viro
663 1151 702 1181 ad
722 1149 964 1186 monasteriumv,
981 1149 1013 1179 in
1037 1160 1099 1189 quo
1119 1149 1203 1189 prius
1224 1154 1341 1190 septem
1361 1148 1613 1188 annis‘poenitens

264 1203 399 1234 Domino
422 1203 559 1238 servivit,
576 1202 796 1237 remitteretur,
819 1201 884 1231 haec
903 1201 942 1231 ab
958 1210 993 1231 eo
1008 1200 1216 1241 ³³prophetica
1231 1201 1269 1230 de
1285 1211 1316 1230 se
1331 1199 1450 1240 prolata
1468 1199 1612 1240 ³⁴acoepit

264 1256 357 1286 verba
376 1253 598 1289 ³⁵valedicente,
616 1253 694 1283 Vita
712 1253 797 1283 vives
816 1252 919 1292 longa,
944 1257 976 1282 et
995 1252 1027 1281 in
1042 1252 1122 1282 bona
1144 1256 1302 1282 senectute
1318 1251 1413 1281 vitam
1434 1251 1611 1281 terminabis

502 1304 655 1334 Attamen
678 1314 740 1333 non
762 1303 794 1332 in
813 1302 1014 1338 ³⁶Britannia,
1038 1303 1092 1332 sed
1114 1302 1145 1332 in
1169 1302 1299 1338 Scotiaw,
1321 1313 1471 1342 resurges.
1517 1302 1611 1340 Quod

1085 1354 1187 1393 Quem
1205 1354 1336 1385 Sanctus
1359 1354 1448 1384 valde
1470 1360 1610 1384 maestum

1339 1405 1377 1436 In
1393 1417 1454 1436 uno
1474 1416 1612 1436 meorum

264 1310 456 1346 praesentem.

264 1358 392 1388 verbum
407 1356 543 1391 audiens,
565 1355 651 1386 flexis
666 1355 806 1395 genibus,
829 1366 929 1384 amare
944 1354 1040 1384 flevit.

265 1412 381 1447 videns,
406 1410 555 1441 consolari
577 1409 669 1449 coepit
684 1409 797 1445 dicens,
825 1408 935 1448 Surge,
959 1412 991 1438 et
1012 1407 1096 1438 noles
1119 1406 1294 1437 tristificari.

264 1461 401 1493 morieris
419 1460 696 1495 monasteriorum,
717 1465 748 1490 et
763 1470 833 1490 cum
849 1459 953 1489 electis
969 1458 1027 1489 erit
1042 1469 1111 1498 pars
1126 1464 1180 1488 tua
1194 1457 1269 1487 meis
1284 1457 1315 1486 in
1330 1467 1426 1497 regno
1441 1457 1610 1492 monachis3

632 1545 649 1559 27
663 1543 801 1565 brittannica
821 1542 848 1563 A.
860 1542 885 1563 B.
956 1543 975 1557 ²5
987 1541 1039 1563 iona
1058 1542 1085 1564 B.

562 1577 581 1591 32
593 1575 677 1596 hisdem
690 1577 717 1595 A.
732 1574 758 1595 Β.
828 1574 847 1587 ³³
859 1572 987 1595 valedicens
1002 1573 1055 1594 add.
1071 1573 1128 1595 Boll.

1156 1544 1175 1559 2⁹
1187 1543 1288 1570 ingressu
1306 1542 1335 1564 Β.

1201 1575 1218 1589 M
1231 1574 1257 1594 Β.
1271 1574 1353 1601 accipit
1364 1573 1392 1595 A.

1407 1543 1426 1558 ³0
1438 1543 1464 1564 Β.
1484 1543 1563 1571 accipit
1582 1543 1610 1565 A.

1464 1576 1483 1589 ³⁵
1495 1581 1535 1595 om.
1552 1574 1610 1596 Bon.

295 1548 314 1562 ²⁵
326 1546 473 1568 brittanniam
492 1545 520 1566 A.
530 1545 556 1566 B.

265 1580 282 1593 31
295 1578 323 1599 Α.
343 1577 445 1599 librarius
465 1577 490 1597 B.

263 1610 282 1625 3'2
294 1608 417 1630 brittannia
429 1608 456 1629 A>
466 1608 492 1628 B.

296 1668 504 1692 “Libram-The
516 1667 579 1690 Irish
589 1666 710 1691 Calendar
719 1665 764 1688 has
774 1672 789 1688 a
799 1667 813 1677 ‘⁴
821 1664 914 1687 Libran

265 1710 341 1733 abbot
354 1710 381 1732 of
391 1708 442 1737 Ia,‘'
457 1712 483 1731 at
496 1709 560 1731 Mar.
577 1715 609 1734 11,
626 1706 746 1736 although
758 1709 802 1728 not
814 1704 913 1727 noticed

265 1753 290 1775 in
301 1752 344 1775 the
358 1751 469 1776 Annals:
486 1750 535 1773 and
547 1758 563 1773 a
579 1752 592 1763 ‘¹
601 1749 693 1772 Libren
709 1748 736 1771 of
745 1747 912 1773 Cluainfoda‚’

263 1796 291 1815 at
300 1792 342 1815 the
355 1799 422 1814 same
432 1791 487 1822 day.
513 1790 567 1813 The
580 1797 650 1812 name
663 1796 750 1811 occurs
762 1788 786 1810 in
796 1788 838 1810 the
848 1787 914 1810 Four

265 1833 383 1859 masters,
401 1832 461 1859 also,
482 1834 509 1854 at
521 1831 574 1859 617.
616 1830 700 1852 There
712 1836 754 1851 are
767 1828 822 1851 four
835 1828 914 1850 saints

265 1873 345 1897 called
354 1872 428 1896 Liber
439 1873 463 1894 in
473 1872 515 1895 the
525 1871 657 1894 Calendar.
682 1870 727 1892 See
736 1869 841 1899 Colgan,
853 1868 912 1891 Aet.

265 1914 309 1937 SS.
322 1921 345 1944 p.
360 1914 414 1942 584.

295 1961 303 1969 *
316 1952 611 1977 Monasterium.—That
632 1951 660 1978 is,
686 1949 763 1980 Magh
780 1949 867 1979 Lunge
889 1949 913 1971 in

265 1996 348 2019 Tiree.
383 1996 428 2018 See
441 1998 498 2017 note
508 1996 520 2021 ἰ,
533 2002 555 2024 p.
569 2001 609 2022 157
623 2000 703 2023 supra.

295 2043 308 2052 “’
322 2036 514 2060 Scotum-This
533 2035 554 2057 is
575 2034 680 2057 another
700 2033 813 2055 instance
833 2032 860 2054 of
871 2031 913 2055 the

263 2086 307 2101 use
325 2078 353 2101 of
364 2078 406 2101 the
421 2077 491 2100 word
508 2077 547 2099 for
563 2075 671 2100 1re1and.
689 2081 716 2097 as
734 2073 912 2096 contradistin-

263 2118 369 2149 guished
380 2118 444 2141 from
458 2116 585 2143 Scotland‚
599 2116 657 2139 then
669 2118 728 2145 part
740 2114 768 2137 of
778 2114 885 2136 Britain.

294 2166 303 2176 x
316 2160 425 2183 Meorum
438 2156 732 2182 monasteriorum—Vim.
746 2154 813 2178 Bede
834 2162 912 2177 seems

262 2204 289 2224 to
301 2200 430 2231 recog-nise
442 2199 550 2223 Durrow
566 2197 614 2220 and
627 2196 668 2227 Hy
680 2203 707 2219 as
720 2195 762 2219 the
774 2194 831 2225 only
845 2202 912 2218 mon-

963 1665 1068 1687 asteries
1085 1665 1191 1687 founded
1207 1664 1314 1695 directly
1330 1664 1362 1695 by
1377 1665 1412 1688 St.
1423 1665 1550 1694 Columba,
1563 1667 1611 1689 and

962 1709 989 1727 to
1000 1705 1093 1735 regard
1106 1705 1172 1728 them
1185 1713 1212 1728 as
1224 1705 1267 1728 the
1283 1705 1364 1728 nuclei
1376 1705 1404 1728 of
1413 1705 1445 1728 all
1458 1706 1500 1728 the
1513 1706 1611 1729 Colum-

962 1746 1020 1769 bian
1032 1747 1192 1770 foundations
1205 1747 1230 1769 in
1246 1746 1327 1769 either
1343 1750 1456 1777 country.
1491 1750 1504 1760 ⁴⁴
1514 1747 1551 1770 Ex
1564 1756 1612 1778 quo

962 1791 1069 1818 utroque
1081 1787 1231 1810 monasterio
1242 1787 1349 1817 plurima
1360 1787 1449 1810 exinde
1460 1789 1611 1811 monasteria

961 1836 1006 1859 per
1018 1828 1152 1858 discipulos
1170 1828 1223 1858 ejus
1236 1830 1262 1850 et
1273 1827 1298 1849 in
1309 1827 1437 1851 Brittania
1448 1831 1473 1851 et
1485 1828 1510 1851 in
1522 1829 1611 1852 Hiber-

962 1870 1005 1893 nia
1022 1872 1164 1900 propagata
1187 1870 1265 1892 sunt.”
1298 1869 1342 1899 (H.
1352 1869 1379 1891 E.
1398 1869 1431 1891 iii.
1450 1870 1485 1898 4.)
1519 1869 1609 1900 Derry.

964 1911 1040 1938 Kells,
1051 1909 1312 1937 Kilmore-dithreabh,
1324 1908 1433 1935 Swords,
1444 1909 1551 1935 Rechra,
1562 1910 1612 1932 and

962 1950 1102 1976 Drumeliff,
1125 1956 1188 1972 were
1207 1948 1316 1971 founded
1335 1948 1368 1978 by
1387 1948 1436 1970 him
1459 1949 1483 1970 in
1504 1949 1611 1972 Ireland.

962 1992 1077 2017 Durrow,
1092 1991 1214 2017 however,
1231 1990 1252 2012 is
1265 1989 1307 2012 the
1322 1996 1368 2011 one
1384 1988 1482 2011 alluded
1494 1992 1521 2012 to
1532 1990 1556 2012 in
1569 1989 1612 2012 the

961 2035 1024 2055 text.
1061 2031 1115 2054 The
1131 2030 1324 2061 congregations
1337 2029 1365 2052 of
1374 2029 1407 2052 all
1420 2036 1484 2051 were
1496 2029 1611 2053 included

960 2072 986 2094 in
1014 2079 1060 2094 one
1085 2070 1187 2101 general
1210 2070 1401 2097 denomination,
1426 2070 1468 2092 the
1491 2077 1608 2100 nminem

961 2113 1172 2139 Choluim-estLe,
1189 2119 1216 2134 or
1225 2110 1322 2142 familia
1337 2110 1527 2139 Columbae-cille,
1546 2112 1610 2135 asin

959 2152 1002 2176 the
1014 2151 1084 2175 Book
1093 2151 1120 2174 of
1127 2151 1240 2182 Armagh
1252 2151 1306 2181 (fol.
1320 2158 1343 2173 11
1357 2150 1369 2173 b
1379 2150 1413 2181 b),
1424 2151 1473 2174 and
1484 2151 1526 2174 the
1535 2151 1610 2174 abbot

960 2193 987 2218 of
997 2193 1037 2223 Hy
1050 2199 1100 2215 was
1112 2192 1177 2215 their
1189 2199 1300 2215 common
1312 2191 1382 2214 head.
