1850 2692
248 304 291 336 80
726 303 800 338 Vita
818 303 936 339 Sancti
957 303 1123 340 Columbae
1489 316 1560 353 [Lm.
1577 325 1593 344 1.
1626 352 1628 355 .

242 397 351 429 fratres
367 398 405 428 ad
424 398 581 435 Sanctum,
600 398 675 435 Cur,
693 398 790 436 aiunt,
809 403 842 429 ⁵a
863 399 966 430 “nobis
981 399 1175 440 regrediente
1189 399 1349 431 ⁷Cronano
1364 405 1456 441 poeta
1470 401 1594 442 aliquod

241 460 279 479 ex
294 460 378 480 more
393 461 455 480 suae
476 449 549 480 artis
564 449 717 480 canticum
732 461 794 480 non
809 450 972 491 postulasti
988 451 1217 482 modulabiliter
1231 451 1387 482 decantari
1398 453 1428 482 ‘2³⁶¹
1471 452 1594 492 Quibus

244 499 386 536 Sanctus,
404 500 525 539 ⁸Quare
541 505 588 530 ⁹et
604 504 683 531 ¹⁰vos
699 511 780 531 nunc
800 500 923 531 inutilia
943 501 1085 541 profertis
1104 503 1197 533 verba
1208 502 1223 532 ?
1247 503 1402 543 quomodo
1415 504 1453 534 ab
1468 503 1521 534 illo
1536 504 1593 534 mi-

241 562 307 582 sero
322 551 526 582 homuncione
541 562 662 582 carmen
678 551 865 591 postularem
880 551 994 581 laetitiae
1010 552 1064 592 qui
1079 563 1171 589 nunc,
1188 553 1226 583 ab
1241 552 1393 584 inimicisu
1409 554 1592 590 trucidatus

241 601 334 633 finem
356 603 395 633 ad
418 614 515 643 usque
539 602 622 633 ocius
648 602 789 642 pervenit
811 602 894 632 vitae.
940 602 1000 633 His
1025 614 1043 633 a
1068 603 1181 634 Sancto
1205 603 1306 640 dictis,
1334 609 1366 635 et
1391 616 1461 636 ecee
1488 605 1594 635 ¹²ultra

240 653 354 685 flumen
377 654 486 694 aliquis
508 653 670 684 ”clamitat
689 653 780 684 homo
800 653 915 690 dicem,
940 653 998 684 Ele
1013 660 1114 695 poeta,
1132 655 1186 695 qui
1209 659 1250 685 “a
1267 655 1353 686 vobis
1372 667 1471 697 nuper
1491 667 1593 697 sospes

241 706 341 742 rediit,
358 705 433 736 hora
449 705 505 734 ¹⁵in
520 705 577 735 hae
592 706 630 735 ab
646 705 775 735 inimicis
790 704 822 735 in
838 705 887 735 via
902 705 1082 736 interfectus
1098 711 1154 737 est.
1192 706 1335 738 16Omnes
1350 712 1424 738 tunc
1443 707 1496 747 qui
1516 719 1594 748 prae-

243 762 342 787 sentes
358 755 478 786 inerant
490 755 579 786 valde
596 755 732 792 ¹⁷mi1·ati,
751 766 782 786 se
797 755 929 786 invicem
944 755 1101 787 intuentes
1117 757 1313 797 obstupuere.

287 892 344 916 ¹DE
364 897 485 917 DUOBIS
501 892 675 917 TlGERNISst
690 897 805 917 SANCTI
823 896 1035 917 VATICINATIO
1052 896 1131 923 Vlm,
1151 897 1209 920 QUI
1225 897 1318 917 ΑΜΒΟ
1336 897 1461 917 MUTUIS
1478 897 1558 916 VUL-

701 947 851 967 NERIBL'S
873 947 1130 967 DlSPERlERANT.

306 1008 396 1037 Amo
421 1007 527 1037 itidem
548 1007 594 1036 ²in
618 1012 766 1048 tempore,
787 1007 918 1038 Sanctus
939 1007 971 1038 in
989 1007 1083 1038 ³Ioua
1105 1012 1302 1039 ‘’conversans
1325 1008 1433 1044 insula,
1451 1013 1592 1049 ⁵repentc

242 1060 321 1090 inter
341 1059 521 1100 sslegendum
544 1070 674 1096 summo,
695 1070 766 1090 cum
789 1059 908 1100 ingenti
928 1059 1138 1097 admiratione,
1161 1060 1280 1101 gemitu
1300 1059 1452 1100 ingemuit
1474 1065 1591 1090 maesto.

292 1163 318 1177 ΗΞ
330 1170 371 1184 om.
385 1162 415 1183 D.
480 1163 489 1177 7
499 1168 610 1183 coronano
623 1162 648 1184 C.
719 1162 728 1175 Β
739 1162 772 1183 ait
785 1162 812 1183 D.
879 1161 889 1176 ⁹
901 1162 929 1183 ad
942 1162 970 1183 D.
1040 1163 1058 1177 ¹0
1070 1169 1110 1184 nos
1122 1162 1149 1183 D.
1221 1163 1236 1178 ¹¹
1248 1162 1276 1184 A.
1286 1161 1312 1184 C.
1323 1161 1348 1183 F.
1358 1161 1380 1183 S.
1405 1162 1552 1183 trucidandus
1564 1162 1590 1184 B.

242 1193 300 1215 Bou.
366 1195 384 1209 ¹2
395 1194 424 1214 ad
437 1193 465 1214 D.
532 1194 550 1209 13
561 1193 675 1214 clamabat
687 1193 715 1215 D.
782 1194 799 1208 Η
811 1201 853 1215 om.
867 1193 892 1216 C.
960 1194 978 1209 ¹5
989 1200 1030 1215 om.
1044 1193 1072 1215 D.
1140 1194 1157 1209 1⁶
1168 1200 1209 1215 om.
1224 1193 1252 1215 D.
1320 1195 1337 1209 1⁷
1349 1193 1455 1215 admirati
1468 1193 1497 1215 D.

292 1234 365 1256 ltitul.
379 1243 420 1257 om.
435 1234 459 1256 C.
474 1235 501 1256 D.
515 1235 539 1256 F.
553 1235 575 1257 S.
589 1235 646 1257 Boll.
718 1236 728 1251 ²
737 1242 778 1256 om.
792 1235 817 1257 C.
830 1235 856 1256 D.
922 1235 931 1248 ³
941 1234 969 1256 A.
983 1235 1008 1257 C.
1022 1234 1047 1256 F.
1061 1234 1083 1257 S.
1117 1234 1169 1256 iona
1181 1234 1207 1256 Β.
1220 1235 1246 1255 D.
1311 1235 1320 1250 4
1332 1242 1373 1255 om.
1384 1233 1412 1255 D.
1478 1235 1487 1247 ³
1499 1240 1591 1255 conver-

243 1270 304 1288 satus
316 1267 344 1288 D.
409 1268 418 1281 ⁰
429 1266 522 1294 legendo
535 1266 563 1287 D.
1386 1277 1388 1280 ν

242 1345 356 1374 position,
363 1344 404 1367 the
411 1344 507 1367 Ambra
512 1343 688 1371 Choluimeille,
697 1344 763 1373 (Lib.
771 1344 890 1374 Hymnor.

241 1386 283 1409 fol.
295 1386 323 1414 67
334 1394 363 1412 α;
377 1386 492 1408 Leabhar
503 1393 536 1408 na
544 1385 675 1411 h-Uidhre.
685 1385 726 1408 fol.
739 1386 765 1413 83
779 1385 809 1408 Η.
822 1394 842 1412 Ζ,
855 1386 890 1412 16,

244 1427 315 1450 Trin.
328 1426 391 1450 Coll.
405 1426 480 1449 Dubl.
494 1426 535 1449 fol.
545 1427 587 1448 681
600 1435 605 1453 ;
626 1426 754 1456 Highland
767 1427 821 1449 Soc.
836 1426 890 1450 MS.

241 1467 285 1490 fol.
301 1475 326 1489 12
337 1466 390 1496 bb);
410 1466 458 1489 and
470 1467 491 1489 is
503 1469 530 1489 to
541 1466 570 1489 be
583 1466 658 1489 found
671 1470 697 1489 at
709 1466 753 1489 full
768 1466 854 1496 length
868 1467 892 1489 in

243 1508 374 1538 Keating¹s
386 1511 493 1530 account
505 1507 532 1530 of
541 1507 583 1530 the
595 1508 742 1530 convention
755 1507 782 1529 of
791 1507 891 1530 Druim-

241 1552 316 1571 ceatt.
350 1548 430 1579 (Hist.
443 1556 492 1578 req.
507 1547 598 1577 Aedh.)
639 1548 694 1570 The
706 1551 808 1578 present
819 1555 891 1570 anec—

241 1589 300 1612 dote
312 1588 370 1611 does
381 1591 426 1611 not
436 1587 545 1610 indicate
556 1587 628 1610 much
641 1587 772 1618 cordiality
780 1587 892 1610 between

241 1629 284 1652 the
301 1629 456 1652 ecclesiastic
473 1628 522 1651 and
534 1629 576 1651 the
589 1628 666 1655 bard3
685 1628 731 1651 but
745 1629 769 1651 in
782 1628 824 1651 the
837 1629 891 1651 Life

242 1670 269 1692 of
283 1670 320 1693 St.
330 1669 434 1693 Colman
451 1669 479 1692 of
488 1670 610 1692 Dromore
625 1669 696 1692 there
712 1669 733 1692 is
750 1677 765 1692 a
782 1669 891 1699 striking

242 1714 354 1736 instance
374 1712 402 1735 of
417 1712 459 1735 the
476 1712 590 1742 hostility
606 1711 685 1734 which
705 1711 832 1742 prevailed
850 1712 891 1734 be-

242 1758 323 1777 tween
334 1754 376 1777 the
389 1754 489 1777 orders:
510 1755 523 1766 ‘⁴
533 1753 591 1783 Ipso
603 1753 737 1783 aliquando
748 1753 771 1775 in
784 1753 891 1783 quadam

241 1795 305 1817 silva
316 1794 397 1817 turbis
408 1794 568 1824 praedicante‚
583 1793 668 1816 Poetae
679 1793 834 1823 impudentes
850 1800 891 1815 su-

242 1838 415 1866 pervenerunt,
428 1842 457 1857 ac
469 1834 609 1864 importune
622 1833 652 1856 ab
665 1841 693 1857 eo
709 1833 802 1864 aliquid
814 1834 890 1864 petie-

241 1880 307 1900 runt.
342 1876 437 1904 Quibus
451 1877 488 1898 vir
500 1875 547 1898 Dei
560 1875 604 1901 ait,
623 1875 679 1897 Non
696 1874 782 1901 habeo,
799 1875 888 1905 inquit,

241 1917 313 1940 modo
336 1916 401 1947 quod
421 1916 490 1939 vobis
513 1916 576 1942 dem,
599 1919 692 1945 praeter
714 1915 816 1938 verbum
833 1915 888 1938 Dei.

244 1959 312 1981 Unus
324 1961 407 1981 autem
420 1957 517 1980 illorum
529 1957 572 1983 ait,
584 1956 692 1979 Verbum
702 1956 747 1978 Dei
760 1956 805 1979 tibi
817 1956 888 1983 habe,

242 1999 309 2022 aliud
326 1998 396 2021 nobis
414 1998 503 2020 tribue.
538 1997 571 2019 Et
587 1997 645 2019 ille:
665 1997 822 2027 Insipienter,
842 2004 891 2019 me-

242 2041 305 2063 liora
327 2046 454 2070 respuens,
479 2038 567 2068 pejora
585 2038 664 2067 cligiS.
710 2037 782 2060 Tune
802 2037 888 2063 Poeta,

242 2081 363 2104 hominem
386 2080 432 2102 Dei
455 2082 564 2105 tentans,
587 2078 659 2105 dixit,
682 2077 806 2101 Arborem
827 2078 890 2100 hanc

242 2127 358 2151 magnam
378 2119 410 2142 ad
428 2122 523 2142 terram
539 2122 677 2149 prosterne.
718 2118 764 2141 Vir
778 2121 888 2143 sanctus,

245 2162 278 2187 Si,
293 2160 381 2191 inquit,
399 2160 423 2182 in
436 2159 483 2182 fide
502 2159 644 2190 proficeres,
663 2160 782 2181 virtutem
795 2159 841 2181 Dei
855 2159 890 2181 vi-

243 2203 320 2224 dores.
344 2201 389 2224 His
399 2200 480 2228 dictis,
493 2200 600 2223 orationi
613 2199 740 2230 paululum
752 2200 852 2226 institit,
866 2203 890 2223 et

941 1344 1027 1367 statim
1040 1343 1115 1366 arbor
1127 1343 1169 1367 illa
1180 1344 1205 1366 in
1217 1347 1312 1366 terram
1328 1343 1430 1366 corruit.
1466 1343 1515 1366 Sed
1527 1343 1590 1366 filius

941 1384 1085 1407 diffidentiae
1096 1391 1144 1407 non
1156 1387 1196 1407 est
1207 1387 1327 1410 mutatus,
1342 1384 1385 1406 sed
1397 1384 1422 1406 in
1439 1383 1534 1407 malitia
1548 1384 1590 1406 oh-

940 1425 1057 1452 stinatus,
1066 1424 1260 1455 blasphemando
1269 1425 1312 1452 ait,
1322 1425 1376 1448 Hoc
1386 1432 1434 1447 non
1443 1429 1482 1448 est
1491 1426 1588 1452 mirum,

941 1465 999 1495 quia
1016 1472 1111 1488 annosa
1128 1465 1221 1488 robora
1243 1465 1354 1496 quotidie
1374 1465 1482 1488 cadunt:
1502 1465 1546 1489 sed
1570 1467 1591 1488 si

940 1505 1013 1528 modo
1025 1513 1079 1528 eam
1091 1506 1209 1536 erigeres,
1221 1506 1340 1529 miraculo
1352 1510 1502 1536 reputarem.
1538 1507 1590 1529 Nee

940 1554 1018 1573 mora,
1028 1546 1113 1569 divina
1121 1547 1214 1569 virtute
1223 1546 1298 1569 arbor
1306 1547 1349 1570 illa
1358 1550 1397 1570 est
1407 1547 1490 1570 subito
1498 1551 1589 1575 erecta,

940 1594 969 1609 ae
982 1587 1002 1608 si
1014 1590 1089 1609 antea
1103 1594 1152 1609 non
1164 1587 1273 1610 caderet.
1308 1587 1366 1610 Illos
1378 1595 1437 1610 vero
1451 1588 1551 1614 poetas,
1565 1589 1590 1611 in

939 1628 1087 1651 infidelitate
1094 1629 1232 1655 induratos,
1240 1632 1366 1659 tamquam
1375 1629 1481 1652 alterum
1490 1629 1590 1652 Dathan

939 1673 965 1693 et
978 1670 1081 1700 Abyron
1097 1674 1168 1692 terra
1184 1669 1322 1692 absorbuit.
1358 1670 1413 1697 Quo
1425 1669 1487 1696 visu,
1506 1677 1590 1692 omnes

940 1711 981 1741 qui
1001 1710 1107 1733 aderant
1126 1718 1210 1733 coram
1223 1710 1277 1733 viro
1288 1710 1335 1733 Dei
1350 1717 1433 1740 genua
1449 1710 1587 1736 flectentes,

940 1751 1070 1774 Dominum
1079 1751 1158 1774 Deum
1168 1751 1192 1773 in
1201 1751 1255 1781 ipso
1264 1751 1494 1781 glorificaverunt.”
1509 1751 1590 1780 (Acta

941 1792 983 1815 SS.
995 1792 1071 1818 Junii,
1085 1795 1143 1815 tom.
1156 1792 1180 1814 ii.
1193 1799 1216 1822 p.
1232 1799 1257 1820 27
1272 1792 1306 1822 b.)
1347 1792 1392 1815 See
1405 1792 1507 1815 Reeves'
1520 1791 1587 1814 Eccl.

940 1833 1000 1856 Ant.
1013 1840 1035 1863 p.
1050 1833 1101 1862 358.

970 1875 980 1890 d
992 1873 1177 1896 Modulahiliter
1197 1873 1479 1897 decantari.-0·Conor
1500 1874 1589 1897 under-

940 1914 1028 1937 stands
1037 1914 1087 1937 this
1099 1914 1126 1937 os
1135 1922 1149 1937 a
1161 1922 1224 1944 song
1236 1914 1412 1945 accompanied
1422 1914 1454 1945 by
1464 1915 1506 1937 the
1517 1915 1588 1945 hai-p.

939 1956 1010 1986 (Rer.
1023 1955 1080 1978 Hib.
1094 1955 1186 1986 Seript.
1199 1955 1231 1978 iv.
1244 1963 1267 1985 p.
1283 1955 1346 1985 154.)
1380 1958 1393 1968 ‘¹
1405 1955 1460 1985 Ipse
1477 1963 1522 1978 rex
1534 1956 1588 1979 Mu-

939 1997 1026 2020 meniae
1037 1996 1188 2027 AEngussius
1206 1996 1360 2026 cytharistas
1372 1996 1460 2019 habuit
1472 1997 1586 2027 optimos,

940 2038 981 2068 qui
993 2037 1100 2060 dulciter
1112 2045 1195 2060 coram
1209 2045 1238 2060 eo
1254 2041 1312 2060 aeta
1323 2037 1425 2060 heroum
1437 2038 1462 2060 in
1479 2038 1588 2061 carmine

939 2078 1117 2101 citharizantes
1127 2078 1359 2101 canebant.'’—-Vit.
1367 2079 1390 2101 S.
1401 2079 1511 2106 Kierani,
1520 2086 1540 2102 c.
1554 2086 1587 2108 17.

940 2119 1023 2149 (Colg.
1038 2119 1095 2142 Act.
1109 2119 1152 2142 SS.
1165 2127 1187 2149 p.
1201 2119 1248 2148 460
1256 2120 1292 2149 a.)
1334 2119 1446 2142 Dallan's
1465 2119 1537 2150 elegy
1557 2127 1588 2142 on

940 2160 976 2182 St.
991 2159 1119 2186 Columba,
1134 2159 1200 2182 cited
1213 2159 1244 2190 by
1254 2159 1295 2182 the
1309 2160 1374 2183 Four
1385 2160 1494 2183 Masters
1506 2161 1548 2190 (A.
1559 2161 1586 2183 C.

938 2200 1005 2231 592),
1019 2207 1090 2231 says:
