1850 2692
271 313 282 334 1
291 302 335 334 06
745 297 823 332 Vita
840 296 958 333 Sancti
978 296 1144 333 Columbae

1499 307 1571 344 [Lm.
1587 317 1615 336 11.

269 462 327 487 ’nn
360 466 484 487 snGE'rE
517 465 594 486 POST
625 463 763 485 MEDIUM

332 513 491 538 ²AUGUST1
523 512 674 542 ³MENSIS‚
708 515 832 536 SANCTO
865 514 1010 540 ORANTE,

334 569 464 590 INSULA.

795 463 933 483 AESTATIS
963 462 1095 482 TEMPUS
1129 461 1307 489 SEMINATA,
1330 462 1382 482 ἘΤ
1409 462 1443 482 IN
1468 463 1616 484 Exonmo

1044 514 1158 540 MESSA,
1194 513 1228 533 IN
1260 507 1351 534 4ΙΟΟΑ
1380 514 1617 535 CONVERSANTE

334 634 426 663 Amo
453 632 499 661 ⁵in
522 637 659 671 tempore
688 630 819 661 Sanctus
841 632 926 659 “suos
949 627 1033 658 misit
1054 627 1218 658 monachos
1240 632 1276 658 ut
1298 627 1337 658 de
1358 628 1487 669 alicujus
1508 629 1619 669 plebeii

270 684 403 725 agellulo
418 683 574 723 virgarum
588 681 762 712 fasciculosa
776 681 815 710 ad
831 680 998 720 hospitium
1019 680 1162 710 afferrent
1177 680 1425 710 construendum.
1471 681 1534 720 Qui
1549 692 1619 712 cum

270 736 308 766 ad
327 736 485 771 Sanctum,
510 734 661 765 ⁷oneraria
683 733 800 773 repleta
822 732 893 762 navi
916 732 954 762 de
977 731 1159 772 supradictis
1179 731 1384 771 Bvirgularum
1405 732 1550 768 maten'js,
1574 744 1620 764 re-

270 787 350 817 versi
365 787 515 823 venirent,
539 786 737 825 dicerentque
752 784 907 825 plebeium
922 784 1060 824 ejusdem
1075 794 1166 814 causa
1181 783 1334 823 dispendii
1349 784 1438 814 valde
1461 784 1621 815 contrista—

270 845 337 869 tum
350 850 358 874 3
384 838 515 869 Sanctus
530 843 752 877 consequenter
766 836 944 877 praecipiens
960 835 1060 871 ⁹dicit,
1085 835 1136 865 Ne
1152 846 1225 875 ergo
1249 835 1360 864 millum
1382 835 1620 866 scandalizemus

270 891 381 927 virum,
397 891 436 920 ad
451 891 551 930 ipsum
567 902 584 919 a
598 889 685 920 nobis
701 889 747 919 bis
763 888 842 919 terni
858 888 1035 918 deferantur
1050 887 1156 918 hordei
1171 887 1286 922 modiib,
1303 887 1485 926 eosdemque
1500 886 1547 916 his
1564 886 1620 916 nin

271 942 379 973 diebus
401 946 485 972 arata
508 941 573 981 ipse
596 940 727 971 seminet
749 940 781 969 in
805 944 895 970 terra.
940 939 1064 978 Quibus
1078 939 1117 968 ad
1133 938 1297 979 plebeium,
1315 937 1551 968 12Findehanum
1566 948 1621 967 no-

270 993 362 1029 mine,
383 993 477 1032 juxta
499 992 603 1023 Sancti
621 991 803 1031 jussionem,
820 990 930 1026 missis,
956 995 988 1020 et
1008 1000 1109 1021 coram
1133 1000 1169 1020 eo
1193 1000 1263 1019 cum
1279 989 1333 1019 tali
1356 988 1621 1019 commendatione

270 1045 448 1085 adsignatis,
469 1049 628 1085 gratanter
647 1044 808 1084 accipiens,
827 1043 881 1079 ait,
905 1043 1070 1082 Quomodo
1090 1047 1161 1083 post
1175 1042 1311 1072 medium
1332 1046 1484 1072 ¹³aesteum
1499 1047 1621 1082 tempus

271 1107 358 1137 seges
373 1096 529 1132 seminat-a,
548 1102 653 1126 eontra
668 1095 762 1135 hujus
774 1100 914 1125 naturam
931 1100 1030 1130 terrie,
1046 1093 1210 1135 proficiet?
1255 1093 1372 1123 Marita
1387 1103 1403 1123 e
1418 1098 1534 1128 contra,
1546 1092 1620 1128 Fac,
1655 1131 1659 1134 ²

270 1148 322 1184 ait,
338 1147 507 1178 secundum
525 1146 630 1178 Sancti
645 1147 836 1182 mandatum,
854 1146 903 1177 eui
916 1145 1070 1176 Dominus
1086 1145 1213 1176 donabit
1229 1146 1434 1185 quodcunque
1450 1146 1487 1176 ab
1503 1156 1538 1175 eo
1553 1155 1622 1185 pos-

270 1199 425 1230 tulaverit.
481 1198 543 1230 Sed
569 1204 600 1229 et
626 1198 680 1238 qui
705 1197 789 1228 missi
813 1202 887 1228 sunt
910 1197 1001 1228 simul
1025 1197 1084 1228 hoc
1109 1197 1296 1228 addiderunt
1321 1197 1461 1233 dicendo,
1490 1196 1621 1227 Sanctus

305 1293 310 1307 ¹
322 1291 380 1313 titul.
392 1299 434 1314 om.
446 1290 472 1313 C.
482 1291 511 1313 D.
521 1291 546 1312 F.
557 1290 580 1312 S.
592 1289 650 1312 Bou.
715 1290 724 1304 ²
736 1289 812 1317 agusti
824 1289 852 1310 A.
918 1289 925 1301 ³
937 1295 1012 1310 mense
1023 1289 1051 1310 A.
1117 1288 1125 1303 ¹
1134 1288 1161 1309 A.
1175 1288 1227 1310 iona
1239 1288 1265 1309 B.
1330 1288 1340 1301 ⁵
1351 1274 1392 1310 omi
1405 1288 1433 1309 D.
1498 1289 1507 1302 Γ·
1518 1287 1622 1309 columba

273 1323 326 1345 add.
340 1323 368 1344 D.
432 1323 442 1337 7
454 1329 520 1343 onera
532 1322 560 1343 D.
625 1322 635 1336 Β
647 1321 762 1349 virgarum
775 1320 803 1341 D.
868 1319 878 1334 9
889 1320 949 1341 dixit
959 1319 986 1340 D.
1055 1319 1075 1334 ¹⁰
1088 1327 1129 1340 om.
1144 1319 1170 1341 C.
1243 1320 1257 1335 ¹¹
1269 1326 1309 1341 om.
1321 1318 1349 1340 D.
1417 1318 1436 1333 ¹²
1449 1319 1577 1342 findcanum
1595 1319 1620 1340 P..

272 1354 429 1376 frindehanum
441 1353 466 1375 C.
500 1353 630 1374 finchanum
643 1352 670 1373 D.
738 1353 755 1367 ¹3
767 1351 870 1373 aestivum
883 1350 909 1373 C.

305 1437 313 1446 ³
331 1431 456 1462 Vir-qurum
467 1430 726 1461 fasciculos-These
743 1436 807 1452 were
825 1429 868 1461 for*
881 1429 923 1451 the

272 1472 442 1495 hurdle-work
455 1472 483 1494 of
492 1471 571 1494 which
583 1471 624 1494 the
637 1471 706 1493 walls
719 1470 746 1493 of
754 1470 850 1497 houses,
862 1469 923 1492 both

273 1513 371 1536 secular
383 1512 432 1535 and
449 1511 636 1539 ecclesiastical,
650 1518 714 1534 were
726 1510 887 1533 consti-noted
899 1511 923 1533 in

972 1436 1002 1450 ex
1022 1428 1122 1458 virgis.''
1157 1428 1228 1456 (Act.
1251 1428 1293 1451 SS.
1314 1428 1370 1451 Jun.
1391 1430 1449 1450 tom.
1468 1428 1482 1450 i.
1495 1436 1517 1459 p.
1532 1428 1575 1457 316
1588 1430 1622 1457 a.)

973 1468 1025 1491 “In
1043 1468 1098 1491 loco
1118 1469 1221 1492 Raithin
1243 1469 1266 1492 S.
1283 1468 1484 1499 Columba-hylle
1508 1469 1622 1492 cellulam

972 1512 1047 1532 antea
1058 1509 1188 1539 proposuit
1200 1509 1314 1536 fundare,
1333 1512 1359 1532 et
1375 1512 1428 1532 tres
1444 1509 1526 1533 fasces
1538 1510 1623 1540 virga-

273 1554 316 1577 the
328 1554 453 1584 primitive
470 1553 639 1576 architectum
658 1552 686 1575 of
700 1552 742 1574 the
755 1551 832 1574 Celts.
869 1551 924 1574 The

273 1595 391 1619 founders
404 1595 432 1617 of
440 1594 481 1617 the
497 1594 553 1616 first
566 1593 657 1616 church
670 1593 695 1616 in
707 1593 807 1616 Britain
818 1591 882 1615 built
893 1600 924 1615 on

274 1636 411 1659 Ynswitrin
442 1638 455 1648 ⁸
465 1634 589 1665 quandam
611 1633 738 1664 capellam,
758 1633 860 1656 inferius
881 1640 926 1662 per

273 1677 405 1700 circuitum
417 1675 495 1706 virgis
507 1674 632 1705 torquatis
647 1681 730 1697 muros
742 1673 924 1704 perficientes.''

273 1717 372 1747 —(Gul.
385 1716 546 1739 Malmesbur.
565 1723 604 1746 ap.
624 1714 726 1743 Ussher,
750 1714 821 1737 Wks.
842 1722 864 1736 v.
882 1722 923 1744 pp.

275 1758 310 1785 26,
342 1757 404 1787 132.)
438 1757 473 1780 St.
496 1756 601 1779 David's
629 1755 735 1785 original
758 1754 844 1785 ehapel
872 1762 923 1777 was

273 1801 287 1811 ⁴⁸
295 1805 380 1821 musco
391 1797 501 1820 silvestri
512 1797 590 1820 solum
600 1800 625 1819 et
632 1796 730 1819 hederae
739 1795 842 1818 nexibus
852 1795 924 1818 ador-

272 1837 494 1868 nata.''-(Girald.
515 1837 667 1864 Cambrens.,
688 1837 804 1859 Itinerar.
824 1835 924 1859 Cambr.

273 1879 325 1910 i03.)
359 1880 395 1902 St.
409 1879 556 1910 GwynllyW,
571 1878 630 1901 circ.
643 1879 698 1908 580,
713 1877 848 1907 “signavit
857 1877 924 1900 cimi-

274 1921 372 1949 terium,
385 1923 410 1943 et
426 1920 450 1942 in
464 1920 544 1942 medio
562 1918 654 1942 tabulis
670 1921 696 1941 et
712 1917 790 1948 virgis
807 1917 924 1941 fundavit

274 1960 416 1992 templum.'’
450 1960 534 1990 (Rees,
553 1959 738 1984 Cambro-Brit.
759 1959 804 1981 SS.
817 1966 842 1988 p.
859 1958 923 1988 148.)

275 2001 304 2024 In
316 2000 423 2028 keland,
446 2001 515 2023 when
531 2001 566 2023 St.
586 2000 679 2022 Kieran
702 1998 729 2021 of
749 1998 850 2028 Saighir
866 2005 924 2028 pre-

274 2042 352 2073 pared
368 2046 395 2065 to
413 2041 483 2064 build
499 2041 537 2064 his
559 2040 659 2068 chureh,
681 2043 696 2053 ⁴⁴
712 2047 773 2070 aper
791 2039 877 2062 statim
898 2039 923 2062 in

273 2086 411 2114 conspeetu
421 2083 470 2105 viri
486 2082 540 2110 Dei,
553 2082 639 2111 virgas
658 2084 682 2103 et
700 2080 783 2103 fenum
800 2079 833 2102 ad
844 2082 923 2102 mate-

274 2124 337 2147 riam
349 2124 417 2147 cellae
434 2123 608 2147 construendae
625 2121 740 2144 dentibus
754 2120 804 2143 suis
822 2120 924 2143 fortiter

273 2164 405 2188 abscidit.''
438 2164 519 2195 (Colg.
533 2165 590 2187 Act.
605 2163 648 2186 SS.
661 2170 683 2192 p.
696 2162 742 2191 458
755 2160 788 2191 b.)
823 2161 858 2184 St.
873 2161 923 2184 Ke-

273 2206 314 2229 vin
326 2205 354 2229 of
363 2205 516 2229 Glendaloch
529 2202 713 2228 “oratoriolum
722 2201 770 2225 sibi
781 2202 923 2225 construxit

972 1558 1026 1573 rum
1039 1550 1146 1580 reliquit,
1157 1550 1240 1573 dicens
1253 1550 1312 1577 suis,
1330 1550 1420 1573 Veniet
1432 1550 1494 1573 alius
1508 1554 1566 1581 post
1577 1558 1623 1575 me.

973 1591 1012 1614 cui
1025 1591 1163 1621 praeflnitus
1182 1594 1221 1614 est
1233 1591 1274 1614 ille
1290 1591 1359 1614 locus
1371 1599 1385 1614 a
1397 1591 1511 1614 Domino.
1544 1591 1577 1615 Et
1596 1591 1626 1614 de

973 1632 1022 1655 illis
1034 1632 1144 1655 fascibus
1164 1633 1186 1655 S.
1200 1632 1342 1655 Carthacus
1359 1632 1404 1654 sibi
1424 1632 1538 1655 cellulam
1550 1632 1627 1656 aedifi-

974 1673 1050 1701 cavit,
1070 1676 1098 1696 ut
1114 1673 1275 1703 prophetavit
1293 1674 1314 1696 S.
1329 1673 1468 1696 columbas*
1502 1674 1573 1704 (Aet.
1586 1674 1626 1696 SS.

974 1714 1033 1737 Mai.
1053 1717 1114 1737 tom.
1137 1714 1170 1736 iii.
1188 1721 1212 1744 p.
1231 1714 1274 1743 381
1295 1713 1329 1743 α.)
1363 1714 1397 1736 ὃῐ.
1419 1714 1506 1740 Finan,
1527 1714 1625 1745 coming

973 1754 1038 1777 from
1055 1754 1095 1785 Hy
1108 1761 1138 1777 on
1155 1754 1193 1777 his
1210 1754 1337 1784 episcopal
1353 1754 1460 1782 mission,
1484 1755 1625 1777 “ininsula

974 1794 1173 1817 Lindisfarnensi
1192 1794 1252 1817 fecit
1269 1794 1400 1817 ecelesiam
1418 1795 1552 1825 episcopali
1572 1795 1624 1818 sedi

973 1843 1125 1866 congruam;
1144 1842 1217 1865 quam
1229 1838 1313 1857 tamen
1325 1843 1392 1858 more
1406 1836 1557 1862 Scottorum,
1576 1843 1624 1859 non

974 1876 1004 1899 de
1015 1876 1104 1907 lapide,
1119 1876 1161 1899 sed
1171 1876 1200 1899 de
1212 1876 1302 1899 robore
1311 1879 1379 1900 secto
1387 1880 1467 1900 totam
1477 1878 1623 1908 composuit,

974 1920 1049 1947 atque
1060 1917 1197 1940 harundine
1210 1916 1299 1940 texit.''
1332 1917 1421 1948 (Bede,
1434 1917 1464 1940 H.
1482 1917 1511 1940 Ε.
1525 1918 1558 1942 iii.
1573 1920 1624 1948 25.)

974 1959 1009 1982 st.
1022 1958 1100 1982 Voloc
1112 1958 1173 1981 built
1187 1966 1215 1981 as
1227 1958 1265 1981 his
1280 1958 1359 1981 abode
1373 1959 1571 1989 “pauperculam
1583 1967 1623 1983 ea—

973 2006 1026 2022 sam
1038 1999 1140 2022 calamis
1152 1998 1332 2029 viminibusque
1344 2000 1511 2022 contextam.'’
1537 2000 1623 2031 (Brev.

973 2039 1099 2062 Aberdon.
1113 2039 1202 2070 Propr.
1217 2040 1257 2063 SS.
1269 2040 1338 2062 Part.
1351 2039 1464 2070 Hyemal.
1476 2040 1518 2063 fol.
1530 2048 1559 2070 45
1572 2042 1624 2071 aa.)

973 2081 1017 2104 See
1034 2083 1093 2103 note
1102 2085 1118 2107 Γ,
1140 2088 1165 2110 p.
1181 2088 1231 2109 114,
1245 2081 1320 2111 infra,
1340 2080 1389 2103 and
1401 2080 1458 2103 that
1474 2082 1625 2112 concerning

973 2122 1008 2144 St.
1023 2120 1160 2144 Columba's
1172 2124 1321 2152 monastery,
1334 2121 1403 2151 chap.
1414 2129 1451 2151 45,
1464 2122 1535 2152 infra.

1003 2163 1015 2177 ¹>
1026 2161 1074 2184 Bis
1085 2163 1148 2185 terni
1166 2162 1313 2186 modii.-So
1336 2165 1348 2175 “
1363 2169 1405 2186 sex
1428 2162 1546 2189 modios,’'
1558 2163 1574 2185 i.
1594 2171 1621 2191 4¹

972 2203 1007 2233 (p-
1021 2203 1063 2234 79)
1077 2210 1156 2233 supra·
