1850 2692
261 315 322 334 cAr.
339 316 352 342 3
361 316 382 340 ι,
396 305 455 343 3z.]
748 297 896 332 Auctore
913 296 945 330 A
951 297 1133 332 dammam.
1570 301 1609 333 61

261 392 432 432 lacrymans
449 391 676 427 mexoseulatus,
703 391 765 422 17ad
781 392 958 433 hospitium,
982 398 1108 433 accepta
1123 394 1161 423 ab
1177 391 1451 428 eobenedictione,
1468 395 1614 435 ¹⁵pergit:

260 443 428 483 eademque
448 444 612 473 subsecuta
629 442 800 473 infirmatus
822 449 922 479 nocte,
942 444 1034 484 juxta
1054 445 1183 475 verbum
1209 444 1315 475 Sancti
1338 444 1370 474 in
1393 445 1499 475 eadem
1522 447 1615 486 septi-

262 505 350 524 mana
363 495 402 525 ad
418 494 578 525 Christum
595 494 789 525 ¹⁹D01ninum
807 495 965 536 migravit.

277 651 332 676 ¹DE
356 656 489 676 DUOBUS
513 655 717 675 PEREGRINIS
742 654 928 674 FRATRIBUS
951 654 1066 674 SANCTI
1091 653 1235 674 PROVIDA
1258 654 1494 675 PROPHETATIO
1519 656 1598 675 x'lRl.

314 726 463 764 QUADAM
477 724 639 755 Dominica
650 724 699 755 die
711 724 793 755 ultra
805 735 884 765 saepe
897 728 1098 754 memoratum
1111 723 1276 754 clamatum
1292 728 1338 754 est
1348 723 1486 754 frctuma.
1511 724 1613 762 Quem

259 777 385 807 audiens
404 776 535 808 Sanetus
556 776 730 812 clamorem,
754 777 793 806 ad
815 776 923 807 fratres
947 776 1000 816 qui
1015 776 1129 807 ibidem
1144 776 1290 812 ²inerant,
1312 776 1372 812 Ite,
1393 776 1445 812 ait,
1463 776 1612 811 celeriter,

259 828 497 868 peregrinosque
522 828 561 858 de
583 827 752 869 longinqua
775 828 933 859 venientes
956 829 1080 869 regione
1104 829 1143 859 ad
1166 840 1222 859 nos
1243 829 1326 859 ocius
1350 829 1505 859 adducite.
1549 829 1613 867 Qui

258 880 404 910 continuo
420 879 568 916 obsecuti,
586 879 834 909 ³transfi'etantes
847 880 1043 910 adduxerunt
1056 879 1210 920 hospites:
1234 891 1311 919 quos
1326 879 1458 910 Sanctus
1473 883 1614 909 *exoscu-

258 932 349 968 latus,
373 937 596 972 consequenter
620 932 658 961 de
682 942 772 961 causa
794 937 992 972 percontatiu·
1013 932 1138 962 itineris.
1185 932 1249 971 Qui
1271 932 1490 972 respondentes
1513 932 1611 966 aiunt,

260 983 308 1014 Ut
328 984 401 1014 ⁵hoc
416 984 509 1014 etiam
531 995 611 1014 anno
630 985 712 1024 apud
728 990 759 1015 te
774 985 1014 1025 peregrinemur,
1040 985 1187 1015 venimus.
1233 984 1355 1023 Quibus
1381 984 1512 1015 Sanctus
1535 983 1611 1013 hanc

257 1035 344 1065 dedit
359 1035 588 1075 responsionem
600 1046 607 1064 z
624 1035 724 1075 Apud
737 1047 796 1071 me,
808 1041 844 1065 ut
855 1035 968 1071 dicitis,
981 1035 1053 1065 anni
1064 1035 1156 1065 unius
1172 1035 1270 1075 spatio
1286 1034 1472 1075 peregrinari
1483 1045 1544 1064 non
1560 1045 1614 1074 po-

257 1085 366 1121 teritis,
383 1086 441 1115 nisi
452 1086 537 1126 prius
554 1086 781 1116 smonachicum
797 1085 996 1126 promiseritis
1008 1091 1126 1115 votum.
1155 1085 1249 1124 Quod
1265 1085 1318 1125 qui
1333 1085 1466 1115 ⁷inerant
1482 1096 1613 1125 praesen-

257 1142 304 1167 tes
323 1137 412 1168 valde
432 1137 535 1168 mirati
557 1143 630 1167 sunt
653 1138 707 1168 ⁵ad
729 1137 864 1178 hospites
887 1137 994 1167 eadem
1016 1137 1090 1167 hora
1112 1137 1329 1167 ⁹adventantes
1353 1136 1424 1166 dici.
1469 1136 1525 1166 Ad
1543 1147 1612 1176 quae

260 1188 365 1219 Sancti
386 1189 479 1219 verba
500 1189 600 1219 senior
618 1189 805 1229 respondens
828 1188 922 1219 frater
941 1189 993 1225 ait,
1020 1188 1090 1219 Hoc
1109 1188 1140 1218 in
1160 1194 1263 1218 mente
1282 1189 1473 1228 propositum
1489 1187 1562 1218 licet
1580 1187 1611 1217 in

256 1240 333 1271 hanc
349 1240 454 1270 horam
471 1251 567 1279 usque
587 1240 763 1270 nullatenus
784 1239 1014 1276 whabuerimus,
1032 1244 1136 1269 tamen
1151 1244 1240 1269 tuum
1256 1250 1419 1279 sequemur
1439 1238 1610 1273 consilium,

256 1291 414 1327 divinitus,
432 1296 467 1321 ut
477 1291 638 1327 credimus,
650 1291 841 1331 inspiratum.
876 1291 962 1329 Quid
977 1291 1090 1331 plura?
1118 1290 1237 1321 Eodem
1248 1291 1329 1320 horae
1342 1296 1496 1320 momento
1513 1298 1612 1320 orato-

255 1343 334 1373 rium
349 1354 418 1373 cum
438 1342 550 1374 Sancto
566 1342 705 1383 ingressi,
727 1343 849 1379 devote,
871 1343 958 1373 flexis
981 1343 1122 1384 genibuS,
1149 1348 1256 1373 votum
1281 1342 1494 1373 1¹mouachialc
1519 1353 1612 1373 vove-

254 1394 350 1424 runtb.
398 1393 529 1425 Sanctus
553 1399 620 1424 tum
646 1394 791 1431 ¹²deindc,
819 1394 858 1424 ad
882 1394 992 1425 fratres
1018 1405 1193 1431 conversus,
1218 1394 1271 1430 ait,
1297 1394 1342 1424 Hi
1365 1395 1426 1425 duo
1454 1394 1613 1434 proselytic

255 1446 357 1476 vivam
373 1445 442 1476 Deo
458 1446 571 1486 seipsos
587 1445 768 1477 exhibentes
783 1446 924 1482 hostiam,
944 1446 1098 1487 longaque
1122 1446 1180 1476 ¹³in
1204 1446 1315 1477 ¹³brevi
1335 1445 1518 1477 Christianae
1534 1452 1612 1476 tem-

254 1509 328 1538 pora
353 1497 470 1528 militiae
490 1498 689 1538 complentes,
713 1498 771 1528 hoe
795 1509 866 1528 mox
888 1498 996 1528 eodem
1018 1509 1121 1528 mense
1144 1498 1182 1528 ad
1205 1498 1367 1529 Christum
1390 1497 1561 1528 Dominum
1579 1498 1610 1527 in

256 1559 329 1588 paee
346 1548 534 1578 transibunt.
579 1547 702 1587 Quibus
714 1547 827 1578 auditis
843 1549 932 1578 ambo
943 1548 1064 1584 fratres,
1078 1548 1193 1589 gratias
1209 1548 1279 1579 Deo
1290 1553 1429 1589 agentes,
1453 1549 1492 1578 ad
1508 1548 1611 1588 hospi-

254 1598 332 1629 tium
349 1598 499 1629 ¹⁴deducti
515 1603 601 1629 sunt:
625 1598 855 1638 interjectisque
870 1598 978 1629 diebus
993 1604 1121 1639 septem,
1137 1599 1236 1630 senior
1246 1599 1340 1629 frtiter
1351 1598 1608 1639 coepitinflrmari,

253 1656 294 1687 et,
310 1651 416 1681 eadem
431 1656 553 1692 peraeta
568 1651 746 1692 septimana,
769 1651 808 1682 ad
824 1651 995 1682 Dominum
1013 1652 1186 1693 emigravit.
1233 1651 1380 1684 Similiter
1400 1657 1431 1682 et
1447 1652 1524 1682 alter
1540 1659 1610 1692 post

303 1752 317 1766 ¹⁶
328 1751 441 1773 osculatus
451 1755 484 1773 est
496 1751 524 1773 D.
591 1753 605 1768 ¹7
617 1755 640 1774 et
652 1752 678 1774 C.
691 1752 713 1774 S.
780 1753 796 1768 ¹⁸⁴
808 1753 908 1780 perrexit
921 1752 950 1775 D.
1018 1752 1035 1767 ¹9
1044 1761 1086 1775 om.
1098 1753 1126 1775 Β.

303 1804 308 1818 ¹
319 1802 377 1823 titul.
389 1810 430 1824 om.
443 1802 468 1825 C.
482 1802 509 1824 D.
524 1803 547 1824 F.
562 1802 584 1825 S.
613 1803 671 1825 Boll.
738 1805 818 1825 ²erant
831 1803 858 1824 D.
930 1805 939 1819 3
951 1804 1085 1825 mandatum
1096 1804 1150 1826 add.
1164 1804 1192 1826 D.
1265 1806 1274 1821 4
1286 1805 1429 1827 exosculatos
1437 1805 1464 1826 D.
1475 1805 1502 1827 E.
1568 1808 1574 1817 ‘¹
1586 1810 1608 1827 et

253 1833 306 1855 add.
318 1833 345 1854 D.
395 1833 405 1848 ⁶
418 1834 567 1856 monasticum
581 1835 607 1856 D.
665 1836 672 1849 '¹
686 1838 750 1856 erant
763 1835 791 1856 D.
853 1838 862 1849 ⁵
874 1842 915 1856 om.
929 1834 957 1856 D.
1021 1835 1031 1849 ⁹
1043 1836 1186 1858 advenientes
1198 1836 1227 1858 D.
1289 1838 1305 1853 1υ
1316 1837 1437 1858 habuimus
1450 1837 1477 1858 D.
1536 1838 1548 1852 ¹¹
1561 1844 1608 1858 mo-

253 1865 341 1886 nachile
356 1865 382 1886 B.
396 1865 422 1888 C.
488 1864 507 1879 ¹²
520 1873 562 1887 om.
578 1865 605 1887 D.
673 1867 688 1882 ¹⁷¹
699 1873 741 1887 om.
755 1866 784 1888 11.
852 1867 865 1881 Η
878 1866 939 1888 ducti
958 1866 984 1887 D.

283 1958 293 1968 ³
305 1952 490 1977 Fretum-See
502 1954 517 1977 i.
532 1962 567 1984 25,
582 1955 618 1983 26⁷
633 1963 670 1984 27,
684 1963 722 1985 43.
955 1964 970 1979 a
979 1958 1058 1987 year's
1071 1957 1206 1988 probation
1218 1957 1305 1980 should
1318 1958 1412 1988 always
1424 1958 1536 1988 precede.
1570 1959 1606 1981 At

284 1995 293 2009 δ
310 1994 570 2027 Venerunt.—001gan
582 1996 699 2020 observes
712 1997 769 2020 that
778 1997 827 2020 this
840 1998 860 2020 is
873 2005 905 2021 an
954 1997 1049 2029 length,
1067 1998 1109 2021 the
1122 1998 1225 2022 Council
1238 1999 1265 2022 of
1275 1999 1357 2022 Trent
1367 2000 1446 2029 (Sess.
1459 2006 1516 2021 xxv.
1530 2006 1549 2021 c.
1566 2000 1606 2028 15)

251 2036 364 2059 instance
373 2037 401 2059 of
407 2037 540 2060 admission
549 2041 576 2061 to
584 2038 625 2061 the
635 2039 757 2062 monastic
766 2039 905 2069 profession
955 2040 1061 2063 decreed
1072 2040 1111 2063 for
1124 2041 1248 2072 Regulars
1266 2041 1323 2064 that
1340 2041 1364 2063 in
1382 2048 1452 2064 cases
1465 2040 1546 2063 where
1563 2040 1606 2063 the

253 2077 357 2100 without
368 2078 410 2101 the
421 2086 482 2109 year
494 2079 521 2102 of
531 2079 675 2110 probation:
695 2083 722 2103 to
733 2081 813 2103 which
826 2081 904 2104 Baer-
954 2084 1033 2113 year's
1050 2083 1183 2113 probation
1201 2091 1251 2107 was
1269 2082 1383 2109 omitted,
1405 2082 1447 2105 the
1465 2082 1605 2112 profession

252 2119 302 2141 tius
314 2118 384 2146 adds,
401 2120 458 2143 that
474 2121 516 2144 the
533 2122 619 2152 period
635 2123 663 2145 of
672 2122 804 2152 probation
818 2123 904 2145 varied
954 2123 1042 2147 should
1053 2124 1083 2147 be
1095 2124 1195 2147 invalid.
1231 2125 1302 2154 (Act.
1317 2124 1359 2147 SS.
1371 2123 1427 2146 Jun.
1441 2122 1464 2144 ii.
1478 2130 1500 2152 p.
1515 2123 1558 2144 208
1569 2122 1603 2151 b.)

252 2159 385 2190 originally
407 2164 434 2183 at
457 2161 498 2184 the
521 2161 655 2186 discretion
678 2163 706 2186 of
725 2163 767 2186 the
790 2163 904 2187 founder.
985 2170 993 2180 ⁰
1005 2164 1257 2196 masalma—Called
1274 2165 1328 2188 also
1344 2164 1468 2195 pereqrz'ni
1484 2162 1533 2186 and
1551 2162 1605 2186 hos-

252 2200 320 2230 Pope
334 2200 477 2224 Alexander
489 2203 534 2225 111.
548 2203 666 2227 ordained
680 2204 734 2227 that
749 2205 791 2227 the
803 2208 867 2228 term
880 2205 908 2228 of
950 2207 1015 2236 pites
1026 2206 1160 2230 elsewhere
1171 2207 1197 2229 in
1209 2207 1251 2231 the
1263 2206 1374 2237 chapter.
1410 2206 1455 2229 See
1471 2204 1593 2235 Glossary.
