1850 2692
241 332 285 365 54
714 318 792 354 Vita
809 318 928 354 Sancti
948 317 1114 354 Columbae
1477 329 1548 366 [Lm.
1566 338 1583 356 1.

238 415 443 451 intervallum,
465 414 504 445 ad
523 414 656 454 aliquam
671 424 858 454 consurgens
875 414 907 444 in
921 413 1105 444 monasterio
1120 413 1385 450 ministrationem,
1409 414 1494 444 verbi
1509 414 1586 445 obli-

238 471 288 496 tus
312 466 395 496 beati
420 465 487 501 viri,
514 465 646 501 libellus,
670 475 763 504 quem
788 465 844 495 sub
870 464 1005 495 2aseella⁰
1034 464 1243 506 negligentius
1269 464 1403 502 inclusit,
1426 465 1528 496 subito
1553 465 1584 495 in

238 517 394 557 ³hydriam
408 528 488 557 aqua
501 516 653 557 repletum
669 515 789 547 cecidit.

495 649 551 675 ¹1)ss
577 655 766 675 CORNICULO
790 654 984 675 ATRAMENTI
1010 654 1173 675 INANITER
1196 654 1334 674 DEFUSO.

299 724 390 754 ALIA
404 724 485 756 inter
499 724 563 756 haee
578 725 628 756 die
642 726 724 756 ultra
738 725 851 756 fretum
870 725 969 756 ‘Iouae
984 725 1090 756 insulae
1105 725 1269 756 clamatum
1285 724 1358 755 estd:
1382 735 1474 766 quem
1492 724 1586 756 Sanc-

236 779 287 804 tus
307 774 415 805 sedens
434 774 467 804 in
486 775 671 816 ³tugurioloss
689 776 804 807 tabulis
823 776 949 807 suffulto
967 776 1094 807 audiens
1113 776 1275 807 clamorem
1299 775 1384 812 dicit,
1409 775 1514 806 Homo
1531 775 1586 816 qui

236 827 317 857 ultra
332 827 469 857 clamitat
484 827 596 858 fretum
612 839 673 858 non
689 833 736 858 est
751 827 872 858 subtilis
888 838 1004 863 sensus,
1029 838 1100 857 nam
1115 827 1206 857 hodie
1222 826 1282 857 mei
1301 826 1490 857 corniculum
1505 831 1585 857 atra-

236 878 331 908 menti
346 878 494 908 inclinnns
509 879 656 909 effundet.
701 879 795 918 Quod
811 880 937 909 verbum
954 879 1020 919 ejus
1043 878 1230 909 ministrator
1245 877 1429 908 Dim-mitius
1449 877 1585 912 audiens,

235 930 389 970 paulisper
403 935 473 960 ante
483 931 611 970 januam
627 935 720 965 stans,
737 933 745 948 ⁴
750 941 876 970 gravem
893 930 1076 969 expectabat
1090 933 1361 969 ⁵superventurum
1374 928 1536 968 hospitem,
1549 933 1586 959 ut

235 981 423 1012 corniculum
442 982 630 1012 defenderet.
677 981 739 1012 Sed
758 981 817 1010 alia
836 992 908 1011 mox
928 981 1058 1011 faciente
1079 991 1178 1016 causa,
1203 980 1274 1011 inde
1297 980 1438 1015 recessit3
1462 985 1494 1010 et
1514 985 1585 1020 post

234 1033 260 1071 ej
267 1043 300 1062 us
314 1043 467 1063 recessum
482 1033 591 1073 hospes
606 1032 754 1063 molestus
770 1032 957 1072 supervenit,
979 1032 1189 1072 Sanctumque
1205 1031 1405 1062 osculandum
1425 1037 1582 1072 appetens,

234 1094 286 1113 ora
300 1083 476 1114 vestimenti
491 1083 670 1114 inclinatum
687 1083 796 1113 effudit
810 1083 974 1114 atramenti
989 1082 1196 1114 corniculum&

319 1216 378 1241 lDE
404 1221 564 1242 ALICUJUS
588 1222 741 1241 ADVENTU
768 1222 917 1242 HOSPITIS
941 1222 1037 1245 QUEM
1061 1221 1206 1242 SANCTUS
1229 1221 1498 1242 PRAENUNTIAVIT.

296 1283 387 1313 Amo
409 1283 515 1313 itidem
530 1287 667 1323 tempore
686 1283 817 1314 Sanetus
839 1283 903 1313 ²die
919 1283 1018 1313 tertiae
1032 1282 1129 1313 feriaeg
1147 1282 1293 1313 fratribus
1308 1282 1352 1313 sic
1367 1282 1504 1322 profatus
1525 1288 1581 1319 est,

234 1335 376 1366 Crastina
391 1340 500 1376 quarta
514 1335 589 1365 feria
600 1335 740 1375 jejunare
755 1334 978 1374 proponinmsh,
1003 1334 1056 1364 sed
1071 1338 1183 1368 tamen,
1200 1333 1434 1373 superveniente
1449 1333 1582 1373 quodam

280 1427 289 1441 2
300 1425 371 1447 axilla
382 1425 440 1446 Boll.

233 1496 286 1518 riolo
298 1497 324 1518 B.
389 1498 397 1510 ·¹
408 1503 530 1524 gravamen
542 1496 568 1517 B.
601 1497 611 1511 ⁵
622 1502 687 1523 super
698 1499 818 1517 ventunun
830 1495 857 1516 B.

511 1425 520 1438 ³
531 1425 619 1453 ydriam
628 1424 656 1446 A.
671 1428 692 1446 et
703 1424 901 1452 capitulationibus
912 1431 933 1452 p.
950 1430 976 1445 ιο
987 1431 1057 1452 supra
1066 1430 1075 1447 ,·
1093 1423 1175 1445 fossam
1189 1423 1216 1445 B.

283 1466 288 1481 ¹
300 1465 421 1494 capitulum
434 1467 503 1486 totum
515 1473 555 1487 om.
569 1465 594 1487 C.
608 1465 635 1486 D.
649 1465 673 1486 F.
687 1464 709 1486 S.
743 1465 821 1485 titulus
832 1465 892 1485 deest
903 1465 927 1485 in
939 1463 996 1485 Bou.

1061 1465 1071 1479 ²
1081 1463 1109 1485 Α.
1143 1463 1192 1485 ione
1204 1463 1230 1484 B.
1295 1463 1304 1475 ³
1317 1461 1423 1491 tegoriolo
1440 1462 1468 1484 A.
1503 1466 1581 1491 tugur-

282 1539 287 1553 ¹
299 1538 422 1566 capitulum
434 1540 503 1559 totum
514 1545 555 1559 om.
569 1537 595 1559 C.
608 1537 637 1558 D.
650 1537 675 1558 F.
689 1537 711 1559 S.
745 1537 833 1558 titulum
846 1544 886 1559 om.
900 1536 958 1558 Boll.
991 1537 1001 1550 ’ἶ
1012 1544 1053 1558 om.
1068 1535 1132 1564 Colg.
1146 1535 1203 1557 BolL

265 1620 272 1629 ¹*
288 1616 331 1638 Sub
343 1615 537 1638 ascella—Thu
550 1615 578 1643 is,
589 1616 628 1638 sub
645 1616 725 1638 axilla.
761 1615 806 1638 See
823 1615 847 1637 ii.
861 1616 881 1643 8,

233 1656 306 1687 insi-a,
317 1656 399 1678 where
417 1656 483 1678 “sub
495 1655 602 1679 ascella''
614 1656 635 1678 is
648 1656 779 1686 explained
795 1656 883 1678 “inter

233 1695 361 1718 brachium
373 1698 399 1718 et
410 1695 500 1718 latus.”

265 1738 274 1751 *¹
291 1737 416 1759 Clamatum
433 1736 540 1759 est—So
556 1735 570 1758 i.
591 1736 626 1763 26,
646 1743 682 1764 27,
701 1743 738 1765 32,
757 1743 794 1764 43.
808 1735 880 1766 iufra.

234 1777 262 1800 In
274 1777 337 1800 calm
350 1778 460 1800 weather
477 1785 492 1800 a
509 1780 598 1807 strong
609 1778 679 1800 voice
695 1784 751 1807 may
764 1777 793 1799 be
805 1776 882 1799 heard

233 1825 319 1841 across
339 1817 381 1840 the
401 1818 483 1845 stmit,
502 1817 581 1840 which
597 1817 618 1840 is
634 1817 711 1840 about
728 1825 760 1840 an
778 1817 882 1847 English

233 1859 291 1881 mile
299 1858 368 1881 wide.
393 1858 447 1881 The
456 1858 512 1889 only
520 1858 600 1885 mode,
608 1858 729 1886 however,
741 1865 797 1881 now
805 1858 829 1881 in
838 1865 882 1881 use

234 1899 388 1930 ofmakinga
396 1899 477 1929 signal
486 1899 525 1921 sor
534 1906 548 1921 a
555 1898 616 1922 boat
623 1898 644 1921 is
653 1901 680 1922 to
687 1899 753 1921 raise
763 1906 778 1922 a
787 1898 879 1925 smoke,

233 1939 266 1970 by
277 1939 385 1969 burning
397 1947 412 1962 a
429 1939 520 1962 bundle
535 1939 563 1962 of
572 1939 688 1962 heather:
707 1939 756 1962 and
776 1947 803 1962 as
821 1940 881 1963 each

234 1987 317 2003 owner
328 1980 356 2003 os
365 1988 380 2003 a
391 1980 451 2002 boat
460 1980 505 2002 has
515 1987 529 2003 a
540 1979 678 2010 particular
690 1980 771 2010 signal
784 1984 848 2011 spot,
861 1981 882 2003 it

233 2022 254 2044 is
266 2024 294 2044 at
306 2028 366 2044 once
378 2021 468 2043 known
479 2028 510 2043 on
525 2021 567 2043 the
581 2020 662 2044 island
674 2021 756 2044 whose
773 2021 881 2044 services

234 2069 277 2084 are
287 2061 411 2091 required.

265 2108 273 2118 c
289 2101 513 2131 Ttrywiolm—This
531 2101 576 2125 hut
592 2108 643 2124 was
660 2101 706 2124 “in
720 2101 881 2124 eminentiore

233 2143 287 2166 loco
304 2142 467 2165 fabricamus*
485 2142 529 2171 (iii.
550 2150 585 2170 22,
596 2142 688 2172 infru);
705 2142 754 2165 and
771 2150 822 2165 was
839 2143 881 2165 the

233 2183 303 2214 place
315 2183 397 2206 where
409 2183 451 2206 the
463 2183 529 2206 saint
541 2190 592 2206 was
604 2183 629 2206 in
640 2183 683 2206 the
695 2183 766 2207 habit
778 2184 805 2207 of
815 2184 881 2207 writ-

234 2225 276 2255 ing
288 2225 314 2255 (i.
329 2232 365 2254 35,
378 2225 402 2247 ii.
417 2225 452 2252 16,
466 2224 499 2248 iii.
515 2231 550 2254 15,
562 2224 645 2254 infra).

965 1615 973 1629 f
985 1613 1402 1644 Corniculum.—Representations
1431 1613 1459 1636 of
1483 1614 1581 1637 ancient

931 1656 1050 1677 inb-horris
1067 1662 1110 1677 are
1122 1657 1148 1677 to
1160 1654 1190 1677 be
1202 1661 1260 1677 seen
1271 1654 1295 1676 in
1308 1654 1350 1677 the
1361 1654 1540 1677 illuminations
1557 1655 1585 1678 of

932 1703 999 1719 some
1020 1695 1195 1726 manuscripts.
1230 1696 1276 1719 See
1299 1695 1404 1718 Keller’s
1431 1697 1510 1718 Bilder
1536 1698 1584 1718 und

934 1737 1077 1768 Schriftziiqe
1092 1739 1116 1760 in
1133 1738 1175 1760 den
1191 1738 1288 1760 irischen
1306 1738 1486 1767 Mannsmpten,
1506 1745 1529 1768 p.
1543 1746 1580 1769 92.

931 1778 999 1809 plato
1012 1778 1051 1801 vii.
1066 1778 1177 1807 (Zurich,
1194 1778 1273 1807 1851.)

962 1824 973 1839 s
990 1818 1252 1849 Terticeferioe.—That
1263 1818 1291 1846 iS,
1305 1818 1431 1849 Tuesday.

962 1860 973 1874 ¹¹
985 1861 1092 1889 Jejunare
1115 1861 1317 1889 proponimus.—“
1325 1859 1424 1887 Quarta
1450 1859 1526 1882 etiam
1556 1862 1582 1882 et

931 1903 1004 1923 sexta
1019 1900 1082 1923 feria
1099 1903 1125 1923 et
1141 1900 1255 1926 sabbato,
1277 1899 1422 1930 frequenter
1445 1900 1582 1923 Romanam

930 1940 1027 1971 plebem
1043 1941 1120 1971 ipsius
1138 1944 1249 1971 tempore
1263 1940 1426 1970 jejunavisse,
1451 1940 1582 1964 coufirmat

932 1981 1088 2012 Augustinus
1107 1981 1132 2003 in
1153 1981 1189 2010 36.
1207 1981 1279 2011 epist.
1299 1981 1332 2004 ad
1350 1981 1510 2005 Casulanum.
1546 1981 1582 2005 Ut

930 2022 987 2045 inde
1003 2022 1080 2045 ritum
1096 2022 1159 2044 hunc
1177 2030 1191 2045 a
1204 2021 1315 2044 Patricio
1330 2022 1354 2044 in
1367 2021 1512 2045 Hiberniam
1529 2026 1581 2046 tra-

931 2063 1033 2086 ductum
1055 2063 1131 2085 fuisse
1150 2062 1196 2085 fiat
1214 2062 1579 2089 verisimillimum.”-Ussher,

931 2103 995 2126 Brit.
1014 2103 1081 2126 Ecel.
1100 2104 1160 2126 Ant.
1173 2110 1192 2126 c.
1210 2110 1243 2131 ¹7·
1266 2102 1350 2133 (Wks.
1364 2103 1395 2125 vi.
1407 2111 1430 2134 p.
1442 2103 1509 2133 444.)
1543 2104 1580 2128 St.

931 2144 1080 2174 Augustin's
1092 2143 1173 2166 words
1191 2151 1248 2166 are:
1268 2146 1280 2156 ‘¹
1290 2143 1341 2166 Cur
1355 2147 1438 2166 autem
1451 2147 1545 2174 quarta
1555 2148 1582 2168 et

931 2188 1004 2208 sexta
1019 2185 1230 2215 maximejejunet
1246 2184 1374 2212 ecclesia,'³
1391 2185 1433 2207 &c.
1463 2184 1540 2216 (Opp.
1553 2185 1579 2208 ii.

931 2233 954 2255 p.
970 2226 1011 2254 148
1025 2225 1058 2255 b.)
1091 2225 1182 2253 AEdan,
1195 2225 1252 2248 who
1263 2225 1371 2256 brought
1384 2228 1410 2248 to
1422 2225 1581 2249 Lindisfarue
