1850 2692
727 291 804 327 Vita
822 290 940 327 Sancti
962 288 1130 325 Columbae
1487 296 1558 334 [me.
1572 305 1603 324 11.

261 299 323 343 158

255 392 287 422 in
296 390 427 422 vinculis
438 394 576 421 retentus
590 398 668 419 sum.
694 386 756 418 Sed
765 385 841 416 mihi
856 385 981 425 quidam
995 382 1230 424 ⁷cognationalis
1241 382 1333 413 homo
1348 382 1484 423 ejusdem
1499 393 1607 423 paren-

255 443 335 479 telae,
352 442 442 473 valde
457 441 566 482 opibus
581 439 757 480 opulentus,
781 436 976 472 subveniens,
1000 446 1050 472 me
1066 439 1238 475 opportune
1254 439 1286 464 et
1301 433 1339 464 de
1354 433 1484 464 vinculis
1500 434 1607 464 vincu-

254 493 352 524 latum
367 491 521 532 absolvit),
546 497 578 522 et
593 491 632 521 de
651 495 750 521 morte
765 500 851 519 reum
867 488 989 528 eripuit.
1034 487 1095 519 Cui
1111 492 1181 527 post
1195 486 1420 517 absolutionem
1435 497 1505 517 cum
1519 486 1607 516 firma

251 544 407 584 juratione
421 544 619 584 promiseram
641 553 690 573 me
713 542 812 572 eidem
832 540 974 571 omnibus
996 551 1072 570 meae
1091 539 1200 570 diebus
1215 538 1287 569 vitae
1299 538 1496 569 serviturum.
1544 536 1605 569 Sed

255 600 327 635 post
346 595 464 635 aliquot
486 595 550 625 dies
572 593 603 623 in
629 592 778 623 servitute
796 595 946 632 peractos,
974 590 1087 621 servire
1113 589 1230 620 homini
1255 589 1452 630 dedignatus,
1480 593 1512 619 et
1537 588 1606 619 Deo

256 645 358 684 potius
373 644 580 675 obsecundare
599 642 726 678 malens,
743 641 881 672 desertor
896 640 978 670 illius
993 640 1121 671 carnalis
1137 639 1262 676 domini,
1275 640 1486 680 juramentum
1501 639 1608 670 infrin-

255 706 340 735 genS,
365 695 514 731 ⁸discessi,
538 699 569 725 et
588 694 628 724 ad
641 698 681 729 te,
697 692 831 723 Domino
853 701 956 722 meum
978 696 1176 732 prosperante
1198 691 1267 727 iter,
1291 690 1426 731 perveni.
1471 691 1527 721 Ad
1541 690 1607 721 haec

259 747 400 784 Sanctus,
424 747 524 778 virum
546 756 601 787 pro
624 745 738 775 ‘talibus
760 744 849 775 valde
871 743 943 783 angi
965 743 1084 780 videns,
1108 743 1199 774 sicuti
1221 743 1306 784 prius
1324 743 1521 783 prophetans,
1539 754 1608 783 pro-

258 799 350 836 fatur,
366 799 520 839 inquiens,
537 798 613 828 Post
630 802 836 838 septenorum,
854 795 934 826 sicut
948 795 1006 826 tibi
1021 796 1138 826 dictum
1154 801 1210 832 est,
1229 795 1433 836 expletionem
1448 806 1606 829 annorum,

257 851 364 882 diebus
384 852 423 881 ad
438 862 486 882 ine
501 851 563 881 huc
580 847 911 890 ⁹quadragesimalibus
932 847 1045 883 venies,
1069 852 1105 878 ut
1128 847 1160 877 in
1185 847 1326 878 Paschali
1350 846 1544 877 solemnitate
1567 845 1606 876 ad

1015 899 1100 938 Quid
1116 899 1218 930 verbis
1233 898 1455 929 immoramur?
1501 897 1608 928 Sancti

1282 952 1484 992 ²⁰Iisdemque
1500 952 1608 982 diebus

256 1008 294 1037 ad
309 1007 527 1038 monasterium
544 1006 655 1047 Campi
670 1005 780 1036 missus
796 1005 969 1046 ¹¹Lungeffl,
993 1005 1108 1036 ibidem
1128 1005 1217 1046 plene
1238 1003 1368 1045 expletis
1383 1003 1414 1033 in
1429 1002 1609 1044 poenitentia

257 1064 373 1099 septem
389 1058 485 1094 annis,
502 1058 540 1088 ad
556 1057 714 1093 Sanctum,
731 1056 839 1086 diebus
855 1055 1107 1096 quadragesimae,
1120 1056 1212 1095 juxta
1222 1055 1288 1095 ejus
1303 1054 1435 1095 priorem
1451 1053 1609 1095 propheti-

256 1122 321 1141 cam
335 1110 515 1151 jussionem,
537 1108 712 1140 revertitur.
765 1106 810 1137 Et
827 1112 897 1147 post
914 1112 1069 1147 peractam
1088 1105 1216 1137 Paschae
1236 1105 1472 1141 solemnitatem,
1493 1105 1524 1134 in
1548 1115 1610 1144 qua

253 1162 360 1202 jussus
383 1161 422 1191 ad
439 1161 535 1191 altare
557 1159 696 1195 accessit,
721 1158 761 1188 ad
782 1157 929 1188 Sanctum
949 1157 987 1187 de
1008 1168 1100 1197 snpra
1119 1156 1312 1196 interrogans
1334 1160 1503 1185 memorato
1525 1155 1610 1185 venit

252 1214 438 1252 juramento.
497 1210 559 1241 Cui
588 1209 720 1240 Sanctus
750 1207 954 1248 interroganti
983 1207 1057 1237 talia
1086 1207 1256 1237 vaticinans
1285 1216 1429 1246 responsa
1458 1206 1608 1245 profiitur,

274 1264 364 1294 Tuus
378 1264 415 1293 de
432 1273 494 1302 quo
525 1261 601 1292 mihi
619 1259 785 1300 aliquando
807 1257 937 1294 dixeras,
962 1258 1090 1288 carnalis
1116 1262 1256 1298 superest
1278 1257 1437 1291 dominus;
1461 1261 1609 1296 paterque

255 903 395 933 altarium
412 903 547 938 accedas,
569 907 600 932 et
616 900 841 931 Eucharistiam
857 910 969 929 sumas.

257 956 314 986 viri
329 956 462 996 imperiis
483 967 537 996 per
557 955 658 986 omnia
678 954 829 994 poenitens
852 953 1032 993 obsequitur
1046 953 1236 994 peregrinus.

257 1323 289 1347 ct
304 1321 401 1346 mater
416 1321 447 1346 ct
466 1315 575 1344 fratres
591 1313 692 1343 adhuc
706 1312 827 1343 vivunt.

256 1369 382 1400 tionem.

289 1454 297 1467 ἵ
310 1449 466 1479 cognitionalis
477 1449 504 1470 A„
570 1448 579 1463 Β
591 1446 673 1468 decessi
683 1445 711 1467 A.

261 1524 276 1533 “
288 1519 333 1542 sub
345 1519 479 1542 clericatus
490 1516 600 1540 habitus*
634 1515 689 1538 The
702 1513 822 1537 violation
834 1511 862 1535 of
870 1511 909 1534 his

259 1560 318 1583 oath
331 1566 381 1582 was
396 1557 542 1581 considered
554 1556 586 1587 by
595 1556 638 1579 the
650 1555 763 1586 penit-ent
775 1561 790 1576 a
806 1556 909 1584 greater

259 1602 348 1624 crime:
365 1608 401 1627 or,
416 1603 443 1623 at
455 1599 527 1626 least,
540 1599 615 1628 being
627 1605 642 1620 a
658 1595 792 1620 continued
804 1594 906 1620 offanae,

259 1643 278 1666 it
292 1650 342 1665 was
352 1649 420 1664 more
432 1640 583 1669 distressing
595 1642 621 1661 to
633 1638 670 1660 his
687 1636 839 1660 conscience.

292 1680 569 1707 ¹Al1s0lvit.-Thatis,
582 1679 611 1702 he
624 1678 682 1709 paid
694 1678 736 1701 the
748 1678 804 1702 eric,
818 1683 846 1699 or
853 1675 908 1703 fine,

260 1725 284 1747 in
301 1723 461 1746 satisfacti-an
478 1725 505 1745 to
520 1721 562 1744 the
579 1722 681 1743 nearest
697 1719 811 1741 kiusmen
828 1716 855 1739 of
867 1716 909 1739 the

260 1765 390 1789 deceased.
433 1769 450 1778 ⁶⁴
461 1763 501 1786 Ad
520 1763 616 1785 feroces
635 1760 760 1783 hominum
780 1759 875 1782 animos
895 1765 910 1780 a

261 1807 352 1831 mutuis
364 1805 472 1829 caedibus
485 1803 635 1827 coercendos
651 1802 706 1832 lege
719 1804 833 1824 sanctum
845 1803 909 1827 erat,

260 1847 395 1874 ustamilia,
409 1854 439 1869 ex
451 1853 500 1876 qua
507 1844 632 1867 homicida
643 1843 682 1866 vel
699 1842 830 1865 mutilator
839 1844 909 1864 ortus

260 1893 322 1917 erat,
332 1890 408 1920 juxta
419 1895 547 1910 numerum
559 1892 720 1916 personarum
733 1891 762 1907 ac
774 1882 910 1906 facultates

260 1935 287 1955 ct
308 1930 391 1953 damni
414 1929 478 1952 illati
501 1934 651 1953 mensuram,
673 1925 784 1948 solveret
809 1923 910 1946 familiae

261 1972 377 1996 damnum
390 1977 479 2001 passae,
499 1969 584 1999 ejusve
600 1966 711 1996 Principi
727 1968 822 1988 certam
833 1963 910 1986 mulc-

261 2018 323 2040 tam,
335 2019 408 2043 quam
421 2011 498 2040 vulgo
510 2011 601 2031 vocant
613 2008 697 2034 Eruic,
715 2009 741 2029 et
759 2005 837 2028 latine
854 2011 911 2027 san-

261 2053 401 2085 guinariam
413 2051 564 2082 pensionem,
579 2049 616 2071 vel
632 2048 750 2071 mulctam
762 2045 911 2068 dixeris.”-

263 2093 408 2119 O'DonnelL
420 2093 452 2115 iii.
469 2099 495 2114 10
506 2091 565 2120 (Tr.
576 2089 623 2113 Th.
635 2097 660 2120 p.
674 2096 719 2118 432
730 2087 764 2117 b).
801 2087 846 2110 See
858 2085 912 2109 also

263 2136 421 2165 Vallancey’s
435 2133 603 2158 Collectanea,
615 2130 663 2153 vol.
675 2130 690 2152 i.
703 2137 725 2160 p.
740 2136 792 2158 392.

292 2183 308 2193 ““
324 2177 409 2207 Campi
422 2173 574 2205 Lunye.—In
586 2172 677 2195 Ethica
693 2174 770 2198 terra,
787 2177 815 2193 or
828 2168 910 2192 Tiree.

263 2220 308 2242 Sec
320 2221 378 2241 note
388 2218 401 2246 f,
413 2217 427 2239 i.
442 2223 471 2246 30
482 2216 517 2246 (p.
529 2214 572 2244 59)
584 2221 665 2244 supra.

777 1446 786 1460 ⁹
797 1443 1044 1472 quadragensimalibus
1055 1443 1082 1464 A.

873 1311 968 1341 Nunc
988 1322 1061 1351 crgo
1080 1320 1248 1351 praeparare
1264 1315 1295 1340 te
1315 1309 1408 1340 debes
1428 1308 1467 1338 ad
1485 1307 1611 1348 naviga-

435 1366 479 1397 Et
501 1366 581 1395 inter
602 1365 667 1395 haec
689 1363 782 1393 verba
804 1361 990 1392 macher-amn
1014 1361 1156 1391 belluinis
1178 1365 1317 1391 ornatam
1346 1358 1456 1390 dolatis
1480 1358 1610 1399 protulit

1149 1444 1167 1458 1⁰
1179 1442 1310 1470 hisdemque
1321 1442 1349 1463 A.
1358 1441 1384 1462 B.
1449 1441 1467 1456 ¹1
1479 1440 1545 1468 longe
1558 1440 1583 1461 B.

988 1517 999 1527 ¹¹
1012 1510 1269 1535 Machermn.-From
1282 1510 1404 1540 μάχαιρα.
1439 1508 1509 1531 Thus
1528 1508 1552 1530 in
1568 1508 1610 1530 the

959 1552 1014 1575 Life
1026 1553 1053 1575 of
1063 1552 1100 1575 St.
1112 1551 1256 1578 Winwaloe,
1269 1550 1337 1573 cited
1349 1550 1381 1580 by
1392 1549 1432 1572 Du
1442 1549 1542 1579 Cange:

1016 1615 1027 1623 ‘⁴
1034 1614 1148 1637 Ancipitcm
1156 1614 1235 1637 fugiens
1244 1614 1294 1631 duro
1302 1617 1348 1631 cum
1357 1612 1418 1630 dente
1425 1613 1545 1630 maceram.·'

960 1668 1015 1691 The
1030 1668 1129 1691 charms
1142 1667 1170 1690 os
1179 1667 1220 1690 the
1233 1666 1317 1690 Greek
1329 1665 1455 1696 language
1466 1664 1516 1687 had
1529 1665 1611 1695 begun

959 1712 985 1732 to
997 1709 1054 1740 give
1065 1711 1090 1731 to
1101 1711 1208 1731 western
1220 1707 1389 1730 ecelesiastics
1402 1713 1417 1729 a.
1426 1705 1543 1736 pedantic
1553 1708 1612 1728 turn

959 1750 1037 1773 about
1053 1750 1103 1773 this
1120 1750 1187 1777 time,
1202 1749 1281 1772 which
1295 1756 1346 1771 was
1364 1747 1462 1771 carried
1474 1750 1501 1770 to
1519 1754 1534 1770 a
1550 1747 1612 1769 ludi-

959 1800 1032 1816 crous
1050 1800 1137 1815 excess
1153 1792 1178 1814 in
1200 1791 1334 1814 Aldhelm's
1355 1791 1431 1813 letter
1451 1793 1478 1812 to
1498 1789 1611 1816 Eahfrid,

960 1835 1003 1858 cir.
1014 1834 1068 1864 690.
1088 1833 1203 1864 (Ussher,
1214 1832 1274 1863 Syn.
1283 1832 1348 1862 xiii.)
1384 1831 1438 1854 The
1448 1830 1512 1853 Irish
1525 1830 1612 1860 hymns

959 1876 984 1898 in
993 1875 1036 1898 the
1047 1874 1223 1905 Antiphonary
1236 1873 1263 1896 of
1273 1873 1383 1903 Bang0r‚
1397 1871 1476 1894 which
1489 1879 1531 1894 are
1544 1871 1571 1893 ot*
1581 1878 1612 1893 an

961 1917 1052 1940 earlier
1070 1916 1137 1942 date,
1158 1915 1221 1938 have
1239 1914 1356 1937 “Audite
1374 1916 1464 1944 pantes
1482 1916 1510 1935 ta
1528 1912 1614 1942 erga‚''

962 1960 1078 1990 “agius,'‘
1094 1958 1226 1989 “protus''
1243 1956 1349 1983 “cako,”
1365 1958 1379 1968 ‘⁴
1390 1956 1454 1977 zoe.”
1480 1954 1508 1977 In
1519 1953 1611 1976 Adam-

960 2008 1009 2024 nan
1027 2008 1064 2023 we
1084 1999 1134 2022 find
1147 1998 1238 2029 sophia,
1256 1997 1337 2023 lidius,
1354 2000 1447 2026 protus,
1467 1995 1610 2019 omonimum,

961 2041 1077 2068 machera,
1092 2042 1134 2064 Suc.
1169 2040 1224 2062 The
1237 2046 1304 2061 same
1320 2037 1385 2068 style
1397 2037 1417 2059 is
1429 2035 1578 2059 observable
1589 2035 1614 2057 in

960 2084 1086 2107 Johannes
1100 2083 1198 2107 Seotus,
1215 2080 1264 2103 and
1278 2087 1339 2102 even
1354 2079 1378 2101 in
1391 2079 1433 2101 the
1445 2077 1510 2100 Irish
1528 2076 1611 2099 school

962 2128 989 2148 at
996 2125 1031 2147 St.
1039 2123 1096 2147 Gall
1106 2122 1222 2153 (Ussher,
1232 2120 1291 2151 Syll.
1300 2120 1358 2143 xxii.
1370 2119 1451 2145 xxiii.;
1466 2118 1550 2144 Pera,
1560 2117 1613 2139 Μο-

961 2167 1070 2188 nument.
1086 2163 1131 2186 vol.
1144 2163 1169 2186 ii.
1184 2170 1206 2193 p·
1217 2163 1269 2192 55).
1303 2161 1327 2183 It
1339 2160 1399 2190 kept
1412 2160 1445 2182 its
1457 2158 1515 2182 hold
1528 2166 1558 2181 on
1570 2158 1614 2181 ha-

962 2206 1064 2237 giology
1076 2207 1104 2228 to
1119 2212 1135 2228 a
1149 2203 1221 2227 much
1237 2202 1302 2226 later
1319 2201 1385 2224 date.
1420 2199 1491 2224 'rhus
1503 2199 1544 2222 the
1558 2198 1613 2222 Life
