1850 2692
731 291 877 328 Auctore
893 290 1113 326 Adamnano.

236 310 295 329 car.
309 300 369 338 39.]
1527 307 1537 327 1
1547 306 1590 338 59

237 386 404 422 dentibus0,
432 386 547 422 dicens,
575 386 646 417 Hoe
668 386 771 427 accipe
794 391 897 417 tecum
921 386 1108 428 portandum
1132 396 1254 423 munus,
1278 386 1361 427 quod
1386 386 1511 418 domino
1534 398 1589 427 pro

236 442 291 467 tua
310 437 520 478 redemptione
541 437 666 473 offeres;
690 439 744 469 sed
764 444 868 470 tamen
888 439 973 469 nullo
991 439 1082 469 modo
1102 438 1241 478 accipiet.
1285 438 1391 469 Habet
1413 439 1493 470 enim
1512 440 1590 470 bene

236 494 386 520 moratam
403 491 603 531 ¹²00njugem,
622 491 710 531 eujus
729 491 844 522 salubri
859 492 1074 531 obtemperans
1088 490 1224 527 consilio,
1243 496 1274 521 te
1294 491 1400 521 eadem
1416 491 1465 521 die
1480 491 1586 531 gratis,

236 541 301 572 sine
323 541 433 581 pretio,
457 541 600 573 libertate
622 542 760 579 donabit,
787 543 948 584 cingulum
979 553 1017 575 ex
1043 553 1128 574 more
1150 542 1264 583 captivi
1286 542 1324 572 de
1347 543 1408 573 tuis
1431 543 1587 573 resolvens

236 592 378 624 lumbisv.
418 594 486 629 >Sed
505 593 562 624 hae
584 594 740 624 anxietate
760 594 890 631 solutus,
910 594 1000 624 aliam
1017 605 1035 624 a
1057 594 1151 624 latere
1174 599 1354 634 surgentem
1376 605 1438 624 non
1459 594 1587 635 effugies

236 645 491 676 sollicitudinem:
514 655 586 675 nam
610 644 658 675 tui
679 644 788 675 fratres
811 644 948 684 undique
972 645 1198 674 1³ooarctabunt
1219 649 1260 680 te,
1286 650 1321 674 ut
1343 650 1429 675 tanto
1451 650 1589 684 tempore

235 697 315 736 patri
341 697 488 732 debitam,
516 696 570 726 sed
595 695 779 736 neglectam,
804 695 994 736 redintegres
1018 695 1175 735 pietatem.
1219 695 1271 725 Tu
1293 701 1406 732 tamen,
1435 696 1498 726 sinc
1526 696 1589 726 ulla

235 749 427 780 haesitatione
443 748 597 780 voluntati
616 759 722 779 eorum
742 749 963 784 obsecundans,
980 753 1099 789 patrem
1120 752 1248 778 “senem
1263 748 1312 788 pie
1331 748 1463 789 excipias
1485 748 1590 779 confo-

234 801 380 832 vendum.
410 800 505 840 Quod
517 811 604 836 onus,
618 799 788 839 quamlibet
798 799 855 830 tibi
865 800 1007 830 videatur
1014 810 1120 841 grave,
1131 799 1306 830 contristari
1322 811 1383 830 non
1398 800 1500 837 debes,
1516 800 1588 840 quia

234 863 307 882 111οΧ
322 852 474 893 depones:
497 863 568 882 nam
590 862 628 882 ex
644 862 705 891 qua
725 851 775 882 die
794 851 920 891 incipies
943 851 1023 891 patri
1038 851 1220 886 ministrare,
1240 851 1299 881 alia
1321 851 1351 880 in
1369 851 1428 882 fine
1450 852 1588 891 ejusdem

234 905 411 945 septimanae
431 910 588 935 mortuum
610 904 747 944 sepelies.
794 904 855 934 Sed
871 908 941 944 post
956 903 1051 944 patris
1067 903 1282 943 sepultionem,
1300 903 1412 933 iterum
1427 903 1536 933 fratres
1556 909 1588 933 te

233 957 344 987 aeriter
358 956 553 997 compellent,
570 961 606 986 ut
621 956 712 986 matri
727 955 820 986 etiam
836 955 939 985 debita
954 955 1077 995 pietatis
1092 955 1249 995 impendas
1265 955 1433 995 obsequiae.
1466 954 1515 986 De
1528 966 1590 996 qua

234 1008 371 1049 profecto
387 1007 595 1048 compulsione
610 1013 683 1038 tuus
695 1007 801 1047 junior
813 1013 844 1037 te
859 1007 999 1039 absolvet
1013 1006 1124 1041 fratem
1151 1006 1205 1046 qui
1218 1012 1271 1036 tua
1280 1006 1346 1037 vieo
1359 1012 1483 1046 paratus
1498 1018 1588 1038 omne

234 1060 357 1100 pietatis
373 1071 460 1100 opus,
474 1060 558 1100 quod
573 1059 676 1096 debes,
690 1070 746 1100 pro
761 1064 792 1089 te
807 1059 898 1089 matri
914 1059 1048 1089 serviens
1063 1058 1182 1089 reddet.
1220 1057 1298 1088 Post
1312 1058 1376 1089 haec
1388 1060 1481 1089 verba
1496 1070 1588 1099 supra-

235 1117 421 1142 memoratus
439 1112 544 1147 frater,
562 1111 718 1141 Libranus
738 1110 871 1146 nomine,
893 1116 1019 1150 accepto
1040 1120 1176 1145 munere,
1197 1109 1302 1140 Sancti
1317 1110 1433 1140 ditatus
1448 1111 1590 1142 benedic-

234 1163 317 1194 tione
333 1163 486 1204 perrexit;
503 1168 534 1193 et
549 1163 588 1193 ad
603 1163 734 1203 patriam
750 1162 944 1202 perveniens,
961 1161 1073 1198 omnia,
1090 1162 1260 1192 secundum
1278 1162 1384 1193 Sancti
1399 1163 1588 1199 vaticinium,

234 1214 353 1245 invenit
365 1226 435 1246 vere
451 1215 590 1255 probata.
628 1214 712 1244 Nam
727 1213 843 1249 statim,
860 1218 896 1243 ut
911 1213 1045 1253 pretium
1062 1224 1123 1243 snae
1143 1213 1272 1243 offerens
1288 1213 1438 1244 libertatis
1453 1215 1589 1245 ostendit

234 1266 368 1302 domino,
385 1266 521 1306 accipere
536 1265 653 1296 volenti
667 1265 824 1305 refragans
840 1275 927 1300 uxor,
944 1264 991 1295 Ut
1006 1264 1080 1304 quid
1096 1264 1194 1300 nobis,
1211 1264 1264 1300 ait,
1282 1264 1340 1294 hoe
1354 1265 1490 1305 accipere
1505 1267 1589 1306 quod

233 1321 356 1347 sanctus
371 1317 505 1357 pretium
520 1316 605 1346 misit
620 1315 774 1347 Columba
786 1316 801 1345 ’.Ρ
833 1314 906 1345 Hoc
921 1325 983 1345 uon
998 1326 1104 1345 sumus
1119 1314 1216 1356 digni.
1233 1315 1399 1346 Liberetur
1414 1317 1440 1347 ei
1456 1317 1524 1357 pius
1539 1318 1589 1348 hic

233 1369 328 1408 gratis
343 1368 543 1399 ministrator.
567 1367 671 1408 Magis
682 1367 769 1398 nobis
785 1367 882 1397 sancti
898 1366 955 1396 viri
969 1366 1143 1398 benedictio
1158 1366 1307 1407 proficiet,
1323 1378 1415 1408 quam
1432 1368 1490 1399 hoc
1505 1370 1589 1409 quod

234 1419 387 1450 ¹⁵0ffertur
401 1419 545 1460 pretium.
571 1418 714 1449 Audiens
730 1418 835 1458 itaque
850 1417 978 1448 maritus
993 1417 1052 1448 hoe
1067 1417 1183 1447 maritae
1198 1417 1319 1448 salubre
1333 1419 1504 1456 consilium,
1518 1431 1590 1451 eon-

232 1470 320 1500 tinuo
335 1470 431 1511 gratis
446 1470 588 1501 liberavit
603 1481 736 1500 servum.
782 1469 846 1509 Qui
862 1474 941 1510 post,
961 1469 1054 1510 juxta
1070 1469 1262 1510 prophetiam
1280 1470 1395 1507 Sancti,
1412 1473 1588 1512 compulsus

232 1532 251 1552 a
264 1522 420 1559 fratribus,
437 1527 567 1562 patrem,
585 1521 635 1552 cui
650 1521 823 1552 ministrare
838 1521 939 1562 eoepit,
957 1521 1087 1562 septima
1102 1521 1151 1552 die
1167 1527 1324 1553 mortuum
1339 1523 1491 1563 sepelivit.
1515 1525 1588 1564 Quo

232 1573 363 1613 sepulto,
381 1578 418 1604 ut
437 1578 469 1603 et
488 1573 579 1603 matri
598 1573 701 1604 debite
722 1573 890 1603 deserviret
910 1573 1116 1613 compellitur.
1163 1573 1225 1605 Sed
1245 1574 1446 1606 subveniente
1464 1575 1588 1615 juniore

230 1624 334 1662 fratre,
352 1625 432 1656 sieut
450 1625 582 1657 Sanetus
601 1625 795 1666 praedixerat,
813 1626 911 1656 vicem
924 1626 990 1665 ejus
1001 1626 1199 1666 adimplente,
1219 1626 1424 1657 ¹⁶absolvitur.
1468 1627 1533 1666 Qui
1547 1629 1588 1658 ad

230 1675 339 1706 fiatres
354 1676 397 1707 sic
412 1675 543 1713 dicebat,
561 1675 660 1707 Nullo
676 1676 767 1707 modo
783 1687 838 1706 nos
854 1680 1003 1717 “oportet
1017 1676 1144 1707 fratrem
1159 1677 1190 1707 in
1206 1677 1306 1718 patria
1325 1683 1489 1715 retentare,
1507 1681 1586 1720 ¹⁸qui

278 1769 297 1784 12
308 1769 412 1797 cojugem
424 1767 452 1790 A.
503 1770 521 1784 1³
533 1769 664 1791 coartabant
676 1769 703 1791 B.
762 1770 779 1785 14
792 1771 856 1791 tuum
867 1769 921 1791 add.
935 1769 961 1791 B.
1327 1770 1344 1785 ¹⁶
1356 1770 1393 1791 sed
1402 1769 1480 1798 junior
1491 1770 1544 1791 add.
1558 1770 1583 1792 B.

230 1800 247 1815 ¹⁷
259 1807 301 1822 om.
314 1800 342 1821 B.
410 1801 428 1815 18
439 1803 526 1828 oportet
537 1801 591 1822 add.
604 1800 631 1822 B.

1024 1770 1043 1785 1⁵
1054 1769 1117 1791 offizrt
1129 1769 1193 1798 Oolg.
1207 1769 1265 1791 Bell.

231 1879 260 1902 of
276 1879 312 1902 St.
329 1879 420 1907 Cadoc,
440 1879 519 1902 which
539 1887 590 1902 was
609 1879 711 1902 written
729 1879 799 1901 when
811 1878 881 1901 “Al-

230 1920 306 1943 bania,
327 1920 403 1950 vulgo
424 1920 510 1943 Scotia
532 1920 692 1948 voeabatur,”
714 1920 759 1943 has
783 1919 879 1950 eff'elms,

228 1969 338 1992 pneuma,
356 1960 447 1992 sophia,
466 1962 582 1987 manitus,
602 1961 659 1987 and,
677 1961 744 1984 after
759 1960 801 1983 the
817 1960 882 1991 style

231 2002 259 2024 of
274 2002 368 2032 Edgar,
388 2001 498 2025 basileus.
533 2002 617 2032 (Rees'
629 2001 730 2025 Cambr.
748 2001 814 2025 Brit.
835 2002 881 2025 SS.

230 2050 270 2073 pp·
285 2043 321 2071 2⁶,
336 2044 371 2072 38,
384 2042 422 2070 4⁶,
436 2050 473 2071 51,
488 2042 590 2072 52156)

262 2089 272 2100 ⁰
286 2083 403 2108 Ornatam
422 2083 691 2111 dentibus.-Solinus‚
714 2083 838 2114 speaking
857 2083 885 2106 of

230 2125 272 2148 the
283 2125 439 2148 inhabitants
449 2125 476 2148 of
486 2125 593 2153 Ireland,
607 2132 664 2156 says
674 2134 679 2148 z
694 2127 707 2138 ⁴⁴
718 2124 767 2152 Qui
779 2124 883 2148 student

230 2166 316 2194 cultui,
331 2166 447 2190 dentibus
462 2167 614 2190 marinarum
626 2166 765 2190 belluarum
777 2166 882 2197 insigni-

229 2211 275 2232 unt
285 2208 380 2231 ensium
392 2207 517 2239 capulos-’¹

962 1884 972 1899 ν
984 1878 1115 1902 Resolvens
1128 1878 1311 1901 lumbis.—-The
1326 1878 1391 1901 form
1409 1878 1438 1901 ol*
1451 1879 1584 1902 manumis—

931 1919 986 1942 sion
996 1919 1056 1942 here
1068 1919 1168 1942 alluded
1181 1923 1207 1943 to
1220 1919 1269 1942 will
1282 1919 1406 1950 probably
1417 1919 1503 1943 derive
1515 1919 1585 1942 illus-

931 1961 1027 1984 tration
1043 1961 1108 1984 from
1125 1961 1168 1984 the
1180 1960 1280 1983 Brehon
1292 1960 1367 1983 Laws
1384 1968 1439 1983 now
1454 1961 1479 1983 in
1496 1967 1584 1984 course

931 2001 960 2024 of
967 2002 1130 2032 preparation
1141 2001 1181 2024 for
1193 2001 1235 2024 the
1246 2008 1325 2032 press.

962 2048 973 2063 ‘³
984 2042 1090 2066 Pietatis
1108 2042 1326 2072 obsequia.——The
1349 2041 1455 2065 allusion
1473 2044 1500 2065 to
1523 2042 1583 2066 filial

931 2083 1082 2115 obligations
1097 2084 1123 2107 in
1134 2084 1184 2107 this
1202 2083 1438 2114 chapterindicates
1455 2083 1496 2106 the
1505 2083 1582 2107 exist-

930 2133 990 2149 enee
1002 2125 1030 2148 of
1044 2133 1060 2150 a
1071 2125 1155 2148 better
1168 2125 1246 2148 social
1258 2125 1308 2147 and
1319 2124 1398 2148 moral
1414 2123 1541 2147 condition
1555 2124 1583 2155 in

931 2165 1031 2189 Ireland
1041 2169 1069 2189 at
1080 2166 1131 2189 this
1140 2165 1199 2189 date
1211 2165 1274 2188 than
1283 2165 1326 2188 the
1338 2167 1395 2188 tone
1407 2164 1435 2188 of
1443 2164 1485 2188 the
1497 2164 1582 2188 native

931 2207 1028 2231 Anuals
1040 2206 1122 2231 would
1134 2207 1190 2231 lead
1202 2214 1247 2230 one
1260 2210 1287 2230 to
1298 2209 1398 2237 expect.
