1850 2692
249 321 313 354 170
718 309 750 342 V
750 309 796 344 ila
812 308 931 345 Sancti
952 309 1119 345 Columbae
1474 319 1545 356 [tm.
1562 328 1591 346 n.

246 405 334 443 Quae,
346 409 382 434 ut
393 404 425 434 hi
434 404 487 444 qui
499 404 618 435 inerant
629 404 742 434 ibidem
753 409 859 443 postea
871 411 1043 441 narrarunt,
1055 414 1150 445 prope
1159 404 1430 445 ³⁴magnitudinem
1439 415 1591 440 ranarum,

244 456 356 486 aculeis
377 456 577 496 permolestae,
602 466 663 486 non
678 461 781 486 tamen
793 455 933 486 volatiles
953 456 1005 486 sed
1026 455 1186 492 natat-iles,
1201 460 1300 491 erant3
1325 455 1377 486 sed
1393 460 1425 486 et
1439 466 1592 486 remorum

244 507 431 537 infestabant
452 507 613 547 palmulas.
662 507 784 545 Quibus
800 506 882 542 visis,
900 507 981 537 inter
999 512 1101 538 cetera
1118 512 1255 537 monstra
1275 517 1343 547 quae
1363 518 1424 537 non
1439 507 1531 547 hujus
1547 513 1593 537 est

246 558 390 599 temporis
399 569 531 593 narrare,
544 558 712 589 Cormacus
728 568 796 588 eum
812 557 914 588 nautis
926 558 1099 594 comitibus,
1114 558 1202 589 valde
1215 558 1356 589 ³⁵tnrbati
1367 564 1399 589 et
1411 558 1595 599 ³⁶pertimes-

245 616 359 645 centes,
372 610 483 646 Deum,
498 609 550 649 qui
566 614 613 639 est
628 609 659 638 in
675 609 826 649 angustiis
841 609 909 649 pius
925 614 956 639 et
971 613 1188 649 ³⁷opportunus
1204 609 1376 645 auxiliator,
1388 608 1596 649 ³⁸illacrymati

246 669 266 683 ³⁹
272 669 444 704 precantur.
489 663 607 693 Eadem
619 663 693 692 hora
708 667 740 692 et
755 666 878 692 sanctus
893 666 998 691 noster
1017 661 1180 697 Columba,
1197 660 1367 701 quamlibet
1381 660 1472 700 longe
1488 660 1596 690 absens

246 726 381 755 (torpore,
406 714 515 755 spiritu
537 719 640 744 tamen
667 724 799 753 praesens
824 713 856 743 in
878 713 949 743 navi
970 724 1039 743 cum
1063 712 1215 744 Cormaco
1239 717 1314 743 erat.
1360 712 1464 748 Unde,
1488 711 1595 741 eodem

247 771 412 801 momento,
440 770 621 805 personante
650 764 769 805 signom,
794 764 904 795 fratres
927 763 965 794 ad
989 764 1156 795 oratorium
1178 774 1359 799 convocanS‚
1384 768 1415 793 et
1440 761 1596 793 ecclesiam

248 817 373 852 intrans,
385 815 567 851 astantibus,
584 816 663 851 ⁴⁰sic‚
676 826 760 845 more
772 815 829 845 sibi
841 820 999 851 consueto,
1013 815 1227 856 prophetizans
1239 814 1387 855 profatur,
1398 813 1512 848 dicens,
1522 812 1597 842 Fra-

247 875 308 898 tres
317 872 384 898 tota
399 866 570 897 intentione
582 877 637 906 pro
651 865 801 897 Cormaco
817 871 912 901 orate,
929 866 983 906 qui
998 877 1080 897 nunc
1095 867 1235 897 humanae
1250 865 1445 896 discursionis
1457 864 1595 898 limitem,

247 918 445 949 immoderate
460 916 643 957 navigando,
660 917 800 953 excessit,
825 927 908 947 nunc
929 917 1076 956 quasdam
1097 922 1315 952 monstruosas,
1336 921 1407 946 ante
1425 926 1486 945 non
1506 914 1596 949 visas,

248 975 265 988 ⁴¹
274 976 306 1001 et
320 980 398 1010 pene
414 968 596 1004 indicibiles,
610 968 727 1008 patitur
739 967 894 998 horrificas
905 967 1161 1008 perturbationes.
1185 967 1297 1007 Itaque
1312 966 1423 997 nostris
1435 976 1599 995 commem-

249 1022 353 1051 bribus
369 1020 399 1050 in
415 1020 552 1060 periculo
567 1019 753 1049 intolerabili
767 1018 945 1049 constitutis
960 1023 1063 1049 mente
1078 1018 1212 1059 compati
1227 1019 1373 1049 debemus
1388 1017 1544 1052 fratribus,
1568 1021 1600 1046 et

250 1072 417 1103 Dominum
430 1081 554 1102 exorare
570 1082 639 1102 cum
655 1071 707 1102 eis.
737 1071 818 1101 Ecce
834 1071 914 1101 enim
931 1082 1013 1101 nunc
1023 1071 1191 1102 cormacus
1203 1081 1273 1101 cum
1288 1070 1350 1100 suis
1366 1069 1478 1105 nautis,
1491 1068 1599 1099 faciem

248 1123 395 1163 lacrymis
424 1123 557 1153 ubertim
583 1122 722 1163 irrigans,
755 1121 915 1153 Christum
942 1122 1119 1152 *¹²intentius
1144 1127 1303 1163 precatum
1333 1125 1390 1152 ⁴³et
1419 1129 1474 1151 nos
1499 1120 1599 1161 ipsum

295 1234 313 1248 ³¹
326 1233 480 1260 magnitudine
492 1232 520 1253 Α.
534 1232 559 1254 C.

249 1268 285 1286 tus
299 1265 325 1286 B.
391 1265 410 1280 ³⁹
421 1267 525 1291 precatur
536 1263 562 1284 B.

633 1233 652 1247 ³⁵
664 1232 761 1253 turbatis
773 1231 799 1252 B.

628 1264 647 1278 ⁴⁰
659 1267 713 1284 tunc
725 1263 754 1284 D.

249 1352 301 1374 dies
311 1352 335 1374 in
345 1351 471 1374 Cornubia
483 1349 778 1380 applicuerunt.”-Flor.
787 1350 900 1379 Wigorn.

252 1393 299 1415 An.
314 1393 358 1420 878
372 1392 492 1419 (Monum.
506 1399 529 1421 p.
541 1391 606 1420 564).
641 1391 703 1413 This
715 1390 736 1413 is
748 1390 823 1413 taken
835 1390 901 1413 from

251 1432 416 1456 Ethelwerd's
425 1432 563 1459 Chroniele,
572 1433 617 1454 An.
626 1432 678 1461 891,
689 1432 770 1454 where
779 1432 799 1454 it
808 1432 827 1453 is
836 1431 898 1457 said,

252 1477 266 1487 ⁴ss
275 1477 398 1497 consuunt
418 1473 524 1496 lembum
547 1473 653 1496 taurinis
675 1472 780 1502 byrsis.''
810 1472 860 1502 (lb.
878 1479 900 1502 p.

251 1516 321 1545 517.)
341 1514 410 1536 With
423 1514 502 1536 which
515 1514 556 1536 the
571 1514 653 1536 Saxon
666 1513 757 1535 Chi-on.
772 1513 833 1543 (An.
844 1513 901 1541 891)

251 1563 349 1586 agr-905.
386 1555 436 1584 (lb.
450 1563 472 1585 p.
489 1555 553 1584 362.)
587 1555 641 1577 The
658 1557 723 1577 most
741 1554 904 1576 circumstan-

252 1597 296 1620 tial
311 1599 417 1619 account
431 1604 466 1618 we
479 1596 541 1618 have
559 1596 586 1617 of
595 1595 637 1618 the
652 1595 766 1625 building
779 1595 806 1617 of
816 1602 831 1617 a
849 1602 904 1617 cur-

253 1638 327 1660 achis
339 1638 394 1659 that
404 1636 538 1666 preserved
547 1637 571 1658 iu
579 1636 621 1658 the
631 1636 685 1658 Life
700 1636 727 1658 of
733 1636 770 1658 St.
779 1634 903 1660 Brendan⁷

253 1679 294 1701 the
303 1682 495 1707 contemporary
504 1678 532 1699 ot*
538 1684 583 1699 our
593 1677 672 1699 saint:
685 1678 698 1689 ‘¹
709 1677 817 1699 Sanctus
828 1676 905 1699 Bren-

254 1719 332 1741 danus
345 1722 367 1740 ot
382 1719 421 1748 qui
435 1725 489 1740 cum
505 1725 534 1740 eo
547 1721 628 1744 erant,
640 1717 754 1740 fecerunt
766 1716 905 1740 naviculam

254 1760 404 1782 levissimam
417 1762 541 1781 costalam
553 1758 754 1781 etcolumnatam
767 1765 796 1781 ex
807 1757 904 1784 vimine,

255 1801 319 1823 sicut
332 1807 383 1822 mos
399 1802 438 1821 est
450 1799 474 1821 in
486 1799 535 1821 illis
548 1799 663 1829 partibus
677 1799 704 1829 [i.
715 1806 736 1821 e.
750 1806 827 1829 prope
839 1806 906 1820 mon-

254 1845 305 1863 tem
317 1841 358 1870 qui
376 1839 467 1862 dicitur
480 1839 607 1862 Brendani
628 1839 713 1865 Sedes,
733 1839 805 1862 hodie
817 1839 905 1862 Muunt

255 1881 382 1906 Brandon,
393 1881 418 1903 in
430 1879 532 1910 Kerry]‚
544 1884 569 1902 et
578 1884 760 1910 cooperuerunt
769 1888 823 1903 eam
833 1881 907 1903 coriis

255 1922 352 1945 bovinis
365 1929 394 1944 ac
403 1921 538 1944 rubricatis
551 1922 575 1943 in
585 1921 678 1944 cortice
691 1921 816 1947 roborina,
826 1921 907 1943 linier-

256 1967 350 1993 untque
359 1963 419 1985 soris
429 1963 651 1992 omnesjuncturas
663 1962 741 1990 navis,
753 1965 779 1985 et
786 1962 909 1992 expendia

258 2004 427 2035 quadraginta
438 2003 533 2026 dierum
549 2007 574 2026 et
588 2003 696 2026 butirum
711 2003 743 2026 ad
755 2003 831 2033 pelles
846 2011 908 2033 prae-

257 2045 383 2076 parandas
395 2048 585 2074 assumpserunt
598 2044 630 2066 ad
642 2045 852 2074 cooperimentum
865 2052 908 2067 na-

258 2087 304 2112 vis,
323 2090 350 2108 et
362 2089 447 2108 cetera
457 2085 574 2107 utensilia
586 2092 640 2115 quae
656 2084 687 2107 ad
701 2092 770 2107 usum
788 2085 847 2108 vitae
865 2085 909 2107 hu-

258 2135 337 2150 manae
349 2127 484 2157 pertinent.
509 2126 632 2149 Arborem
644 2130 781 2157 posueruut
792 2127 817 2149 in
831 2127 910 2149 medio

259 2170 330 2192 navis
344 2169 428 2195 fixum,
439 2172 464 2191 et
473 2168 561 2196 velum,
573 2172 599 2191 et
611 2172 696 2191 cetera
709 2176 763 2198 quae
775 2168 806 2190 ad
818 2168 909 2197 guber-

259 2211 385 2233 nationem
392 2210 462 2233 navis
470 2211 618 2240 pertinent.''
630 2210 748 2239 (Jubinat
757 2210 910 2240 Lala-grande

871 1233 890 1246 ³⁸·
902 1232 1109 1258 portium—*centibus
1122 1232 1148 1254 B.

818 1264 836 1277 Η
849 1270 890 1284 om.
904 1264 929 1284 (J.

1218 1233 1236 1247 ³⁷
1248 1232 1346 1259 optimus
1358 1231 1386 1253 D.
1450 1233 1469 1246 ὅθ
1481 1230 1600 1252 ι’Πειοτίιῃιισ

994 1264 1013 1278 ⁴²
1025 1263 1125 1284 intentus
1137 1264 1162 1284 B.
1228 1264 1246 1278 Η
1258 1271 1299 1284 om.
1313 1265 1338 1285 C.

950 1350 981 1372 de
991 1351 1015 1373 S.
1026 1350 1191 1377 Brandaines,
1202 1358 1222 1378 p.
1235 1352 1271 1381 7.)
1292 1351 1337 1373 See
1348 1350 1506 1380 O'Flaherty,
1518 1350 1601 1379 Ogyg.

950 1390 983 1412 iii.
997 1397 1027 1419 34
1038 1391 1073 1420 (p.
1088 1392 1160 1420 250);
1181 1390 1279 1413 Harris'
1295 1391 1389 1413 Ware's
1404 1390 1504 1417 Works,
1517 1390 1562 1412 vol.
1576 1390 1600 1412 ii.

950 1437 972 1460 p.
990 1438 1045 1461 179;
1066 1431 1187 1457 O'Conor,
1201 1431 1258 1454 Rer.
1272 1431 1328 1453 Hib.
1344 1431 1388 1454 SS.
1402 1431 1449 1453 vol.
1463 1431 1494 1452 iv.
1507 1438 1528 1460 p.
1543 1438 1583 1458 ¹42
1595 1439 1600 1454 :

952 1471 1091 1498 ChalmerS,
1106 1471 1250 1499 Caledonia,
1273 1472 1288 1494 i.
1303 1480 1326 1502 p.
1344 1479 1403 1498 101;
1429 1464 1600 1501 Stilliiigssect,

954 1513 1025 1542 Orig.
1040 1512 1155 1535 Britann.
1176 1512 1272 1535 lutrod.
1292 1520 1315 1542 p.
1329 1512 1386 1535 lxvi.
1407 1512 1498 1541 (Lond.
1514 1513 1602 1541 1840);

956 1554 1080 1584 Spelman,
1104 1554 1234 1584 Glossary,
1255 1562 1307 1577 voc.
1326 1554 1481 1579 CurrociunU
1501 1554 1604 1576 Cowel's

956 1595 1118 1625 Interpreter‚
1126 1603 1176 1618 voc.
1187 1595 1286 1618 Corne-le
1298 1595 1388 1625 (Lond.
1397 1598 1479 1624 1701).
1499 1595 1552 1617 The
1561 1602 1604 1616 use

955 1638 982 1660 of
991 1638 1033 1660 the
1046 1638 1136 1660 curach
1150 1638 1194 1660 has
1210 1637 1269 1667 long
1285 1645 1333 1667 ago
1349 1638 1409 1660 been
1421 1637 1568 1660 abandoned
1580 1637 1604 1659 in

955 1679 996 1700 the
1013 1686 1067 1701 seas
1084 1686 1144 1701 near
1158 1679 1195 1701 St.
1209 1678 1352 1701 Columba's
1370 1678 1437 1701 chief
1452 1682 1603 1708 monastery,

955 1720 999 1742 but
1018 1720 1038 1742 it
1056 1721 1186 1742 continues
1202 1720 1226 1742 in
1242 1720 1284 1742 the
1303 1720 1403 1747 Severn,
1424 1719 1472 1742 and
1488 1727 1518 1742 on
1532 1727 1606 1749 many

955 1764 1027 1791 parts
1040 1761 1068 1783 of
1077 1761 1118 1784 the
1131 1764 1203 1784 coast
1215 1761 1242 1783 of
1252 1760 1361 1787 1reland,
1380 1761 1516 1791 especially
1529 1762 1556 1783 of
1565 1761 1607 1783 the

956 1803 1067 1824 counties
1080 1801 1108 1824 of
1119 1801 1231 1831 Doncgal
1244 1801 1293 1824 and
1306 1802 1387 1824 Clare.
1423 1803 1468 1824 See
1484 1802 1526 1824 the
1545 1806 1608 1824 inte—

956 1843 1053 1872 resting
1062 1842 1215 1872 description
1235 1841 1260 1864 of
1274 1850 1289 1865 a
1301 1842 1403 1864 modern
1419 1843 1508 1865 curach
1526 1843 1550 1864 in
1566 1842 1608 1865 the

957 1888 1064 1908 aceount
1075 1885 1178 1915 ofTory
1192 1884 1276 1907 lsland
1285 1885 1316 1915 by
1326 1885 1439 1907 Edmund
1448 1885 1533 1915 Getty,
1541 1884 1607 1914 Esq..

959 1925 1023 1948 Uist.
1042 1925 1147 1948 Journal
1165 1926 1193 1947 of
1208 1926 1332 1948 Archaeol.
1346 1925 1392 1948 vol.
1406 1925 1447 1955 i.p.
1463 1932 1498 1954 32.

991 1965 1195 1988 ¹Nalatiles.——lt
1202 1966 1223 1988 is
1233 1965 1286 1988 said
1297 1966 1353 1988 that
1362 1969 1494 1989 crustat-ea
1501 1973 1610 1988 answer-

957 2007 1000 2037 ing
1013 2010 1039 2029 to
1051 2007 1094 2029 the
1106 2006 1259 2036 description
1274 2007 1299 2028 in
1311 2006 1354 2028 the
1367 2009 1422 2028 text
1433 2006 1503 2033 have,
1520 2006 1544 2028 in
1559 2013 1610 2028 mo-

957 2048 1018 2070 dern
1035 2048 1115 2074 times,
1129 2047 1190 2069 been
1209 2051 1260 2069 met
1274 2046 1341 2072 with,
1355 2045 1433 2068 under
1451 2045 1546 2068 similar
1563 2047 1610 2067 cir-

958 2093 1124 2114 cumstances,
1136 2088 1161 2110 in
1172 2087 1232 2117 high
1243 2087 1364 2109 northern
1378 2086 1505 2109 latitudes.

993 2135 1008 2144 ¹¹¹
1022 2129 1169 2151 personante
1190 2128 1356 2158 siqua—The
1376 2135 1443 2150 same
1465 2127 1611 2157 expression

959 2177 1046 2192 occurs
1060 2173 1084 2192 a(
1101 2170 1134 2191 iii.
1151 2176 1183 2198 ¹3*
1197 2169 1270 2199 inst-1.
1298 2169 1342 2191 See
1356 2168 1431 2193 Bede,
1445 2168 1476 2190 H.
1490 2168 1516 2190 E.
1530 2168 1561 2190 iv.
1576 2175 1611 2196 23.

962 2210 1092 2233 Adamnan
1106 2217 1160 2232 uses
1173 2209 1249 2232 clocca
1262 2214 1288 2232 at
1300 2210 1313 2232 i.
1324 2211 1335 2231 S
1345 2210 1378 2239 (p.
1387 2211 1436 2238 33),
1447 2209 1478 2231 iii.
1490 2216 1524 2237 23.
