1850 2692
243 305 302 325 cn.
318 299 362 330 28,
379 296 438 334 29.]
771 289 919 326 Auctore
934 289 1151 326 Adamnano.

1527 305 1590 339 143

297 434 352 460 ¹1)ss
371 439 522 460 PUGIONE
539 441 559 460 A
575 441 699 462 SANcTo
717 442 791 462 CUM·
805 442 979 463 DOMINICAE
995 443 1113 463 CRUCIS
1129 442 1317 463 SIGNACULO
1334 443 1536 464 BENEDICTA.

304 502 408 532 2Αωο
434 502 481 532 ³in
503 507 650 543 tempore,
676 503 802 543 quidam
826 504 920 534 stater
943 504 1083 534 ‘'nomine
1105 503 1240 539 Momm,
1263 503 1369 544 Nepos
1393 503 1530 540 5131111111,
1554 505 1592 534 ad

245 553 393 584 Sanctum
417 553 523 584 eadem
544 553 726 584 scribentem
742 554 816 584 hora
836 554 972 590 veniens,
998 554 1073 584 dicit
1088 553 1127 584 ad
1147 564 1227 590 eum,
1251 552 1323 584 Hoc
1344 553 1426 594 quod
1446 553 1477 583 in
1500 565 1592 584 manu

242 604 339 635 habeo
359 604 484 640 sermm,
510 616 613 645 quaeso
628 605 800 635 benedicas.
845 604 910 643 Qui
932 604 1092 644 paululum
1114 609 1240 634 extensa
1262 615 1355 634 manu
1378 609 1502 635 ⁶sancta
1523 615 1593 635 cum

241 654 357 685 calamo
373 654 496 695 signans
512 655 679 691 benedixit,
705 655 744 685 ad
766 654 879 685 librum
902 655 940 685 de
964 666 1025 695 quo
1047 655 1198 686 scribebat
1219 655 1296 686 facie
1319 666 1475 686 conversa.
1521 657 1593 696 Quo

242 705 386 736 videlieet
407 706 582 746 supradicto
598 706 692 737 fratre
716 717 787 737 cum
806 706 886 738 ferro
910 707 1071 738 benedicto
1094 708 1266 744 recedente,
1293 708 1425 739 Sanctus
1445 719 1594 749 pereunc-

242 763 325 788 tatur
348 758 462 794 dicens,
492 758 586 797 Quod
608 758 694 788 fiatri
716 758 831 788 ferrum
853 758 1022 788 benedixi?
1065 758 1275 795 ⁷Diormitius,
1303 759 1371 799 pius
1397 760 1462 799 ejus
1489 760 1594 790 minis-

240 815 347 846 trator,
370 810 555 851 Pugionem,
580 810 633 846 ait,
661 811 700 840 ad
718 810 908 851 jugulandos
931 815 1035 840 tauros
1058 810 1108 840 vel
1131 811 1225 841 boves
1249 811 1444 841 benedixisti.
1490 811 1553 850 Qui
1577 822 1592 841 e

239 867 346 893 contra
360 862 546 902 respondens
562 862 656 898 Sinfit,
671 862 802 892 Ferrum
818 863 901 902 quod
916 861 1069 898 benedixi,
1087 862 1206 892 confido
1219 862 1249 892 in
1262 862 1398 893 Domino
1412 873 1489 899 meo,
1506 868 1515 881 ¹*
1522 863 1593 902 quia

239 924 296 944 nec
310 913 426 944 homini
447 924 503 944 nee
518 913 620 954 pecori
640 913 774 944 nocebit.
820 913 914 952 Quod
937 913 1042 944 Sancti
1062 913 1269 943 firmissimum
1290 914 1396 944 eadem
1416 913 1492 944 hora
1512 924 1593 944 com-

239 966 403 1005 probatum
431 970 479 996 est
508 966 646 996 verbum.
700 965 783 995 Nam
806 965 887 995 idem
913 964 1017 1001 frater,
1050 965 1191 995 ¹⁰vallum
1222 975 1362 1005 egressus
1387 966 1562 996 monasterii
1571 967 1591 1001 ¹⁷,

239 1017 361 1047 bovemc
377 1016 522 1057 jugulare
538 1017 653 1052 volens,
668 1016 766 1046 tribus
782 1016 876 1046 firmis
892 1016 1020 1052 vicibus,
1042 1021 1074 1046 et
1088 1015 1161 1046 forti
1176 1016 1358 1056 impulsione
1373 1023 1511 1052 conatus,
1536 1028 1593 1048 nee

240 1073 343 1098 tamen
357 1068 486 1108 ¹¹potuit
501 1067 593 1098 ctiam
609 1068 676 1108 ejus
688 1068 867 1108 transfigere
883 1068 1005 1107 pellem.
1051 1068 1144 1106 Quod
1159 1068 1302 1098 monachi
1317 1068 1446 1099 scientes
1462 1069 1590 1109 experti,

240 1119 377 1158 ejusdem
392 1119 535 1159 pugionis
552 1119 700 1155 ¹²ferrum,
717 1119 797 1159 ignis
812 1119 983 1149 resolutum
998 1119 1107 1155 calore,
1125 1130 1179 1159 per
1194 1119 1295 1149 omnia
1309 1119 1485 1149 monasterii
1500 1120 1593 1150 ferra-

240 1175 344 1201 menta
358 1171 557 1210 liquefactum
570 1171 741 1201 diviserunt
756 1170 921 1205 illinitum3
944 1181 1000 1200 nec
1020 1174 1126 1210 postea
1140 1169 1235 1200 ullam
1246 1174 1374 1210 potuere
1391 1181 1512 1201 carnem
1525 1171 1592 1200 vul-

239 1222 368 1258 nerared,
381 1222 464 1252 illius
479 1222 584 1253 Sancti
601 1226 769 1252 1³manente
784 1221 1006 1252 benedictionis
1021 1221 1214 1251 fortitudine.

273 1302 347 1323 ltitul.
359 1309 400 1323 om.
415 1302 439 1323 Ρ.
454 1302 481 1323 D.
495 1301 519 1323 F.
534 1301 556 1323 S.
574 1301 632 1323 Bon.

240 1334 265 1355 C.
276 1334 303 1354 D.
313 1333 337 1355 F.
348 1333 370 1355 S.
427 1331 436 1346 ‘³
448 1340 488 1355 sua
503 1333 558 1354 add.
573 1333 601 1354 D.

241 1365 255 1380 1¹
267 1367 354 1392 poterat
366 1364 393 1386 D.
408 1364 430 1386 S.
497 1366 512 1380 1²
522 1372 562 1386 om.
573 1364 598 1386 C.

666 1333 675 1348 ⁷
685 1332 809 1354 dim-matus
817 1332 846 1353 D.

664 1365 682 1379 ¹³
693 1366 821 1385 remanente
831 1363 859 1385 D.

240 1437 264 1460 in
276 1436 318 1459 the
331 1436 395 1460 Ross
407 1436 434 1459 of
444 1436 505 1459 Mull
518 1439 544 1459 at
557 1443 572 1458 a
584 1438 677 1458 stream
689 1435 746 1458 that
757 1434 806 1457 had
820 1442 890 1457 over-

240 1477 327 1500 flowed
339 1477 381 1500 the
392 1477 461 1500 road.
491 1477 514 1500 It
525 1484 575 1500 was
587 1480 632 1499 not
644 1476 692 1499 loss
705 1476 766 1499 than
777 1479 827 1498 two
840 1475 890 1498 feet

239 1519 263 1541 iu
275 1518 370 1549 length.

269 1565 278 1574 ²
292 1558 574 1582 observaverint.-The
590 1557 733 1588 exemption
745 1557 882 1580 continues.

271 1604 280 1614 ³
287 1598 471 1622 Malum—Luat
478 1598 499 1621 is
509 1599 551 1621 the
561 1598 647 1628 simple
656 1598 719 1620 form
727 1597 801 1620 ofthe
810 1604 889 1625 name⁷

240 1641 325 1668 which,
339 1640 399 1663 with
414 1640 457 1663 the
473 1639 579 1670 particle
597 1639 624 1662 of
637 1639 753 1662 affection
770 1637 889 1669 prefixed,

239 1688 350 1703 assumes
362 1681 404 1703 the
416 1680 481 1703 form
493 1680 517 1702 in
529 1680 571 1702 the
583 1683 646 1702 text.
681 1678 821 1709 Lughaidh‚
834 1678 890 1701 lati-

238 1722 308 1745 nized
318 1721 349 1753 by
360 1721 471 1752 Lugidus
483 1721 532 1744 and
542 1721 672 1752 Lugidius.
682 1721 702 1743 is
712 1720 816 1743 another
826 1719 890 1742 form

239 1762 267 1785 of
273 1762 315 1786 the
325 1769 392 1785 same
402 1770 472 1785 name
482 1762 570 1792 (Flem.
581 1761 683 1784 Collect.
694 1769 717 1791 p.
727 1761 770 1790 368
779 1760 812 1790 a).
842 1761 889 1783 Ne-

239 1810 284 1833 pos
297 1803 385 1826 Briuni
401 1803 422 1825 is
434 1803 459 1825 in
472 1803 536 1825 Irish
547 1803 591 1826 Uo
609 1803 712 1831 omum,
729 1801 758 1824 of
767 1801 845 1824 which
857 1808 889 1824 an

239 1844 351 1875 example
361 1844 405 1866 has
415 1843 517 1874 already
524 1843 645 1866 occurred
653 1843 677 1865 in
687 1842 757 1872 chap.
767 1843 888 1871 16,s1‹pra.

240 1884 337 1915 Colgan
356 1891 476 1914 supposes
495 1883 544 1906 this
563 1886 589 1906 to
608 1883 638 1906 be
658 1883 701 1906 the
721 1882 807 1905 Molua
823 1889 889 1905 com-

239 1925 393 1948 memorated
404 1925 429 1947 in
442 1924 484 1947 the
494 1924 619 1948 Calendar
631 1926 658 1947 at
669 1924 733 1947 June
742 1931 770 1951 4:
789 1924 819 1946 m
825 1924 889 1946 01110

239 1973 299 1989 mue
319 1965 399 1989 Simu.
420 1968 455 1988 Do
478 1966 569 1993 ffliocc
591 1965 684 1994 bpiffln
710 1970 762 1987 11110
780 1964 889 1987 enormi:

240 2006 429 2037 ῘΠωδπιθοοιη,
447 2010 452 2020 ⁶
462 2006 554 2034 Molua,
569 2013 612 2028 son
625 2005 652 2028 of
660 2005 738 2030 Sinin.
748 2004 821 2027 ofthe
830 2012 889 2027 race

240 2047 267 2070 of
277 2047 362 2075 Briau,
374 2054 418 2070 son
433 2046 461 2070 of
470 2046 586 2069 Eachach
597 2045 818 2076 Muighmedhoin.'

272 2089 282 2104 δ
300 2087 392 2111 Vallum
408 2087 634 2110 monasterii.--See
650 2089 708 2109 note
717 2087 731 2113 s,
747 2085 762 2108 i.
774 2093 785 2115 3
801 2086 836 2116 (p.
848 2085 889 2115 24)

240 2136 321 2158 supra.
349 2128 403 2151 The
412 2128 475 2151 Rule
483 2128 510 2150 of
519 2129 556 2151 St.
567 2127 735 2151 Columbanus
747 2127 888 2157 prescribes

241 2176 255 2191 a
267 2176 376 2199 penance
391 2168 429 2191 for
444 2169 494 2190 him
514 2171 528 2181 ¹⁴
538 2169 578 2198 qui
594 2171 668 2191 extra
686 2167 780 2195 vallum,
798 2168 823 2190 id
842 2171 889 2195 est,

240 2215 313 2235 extra
340 2219 417 2243 sepem
443 2212 586 2239 monasterii,
612 2212 663 2234 siue
690 2211 889 2242 interrogatione

699 1302 708 1317 2
718 1301 809 1329 eapitzd.
823 1303 891 1322 tntum
903 1301 926 1322 in
938 1301 952 1322 i.
966 1307 992 1329 15
1003 1301 1121 1328 releqatur.
1152 1300 1176 1322 (¹.
1187 1300 1214 1321 D.
1228 1300 1252 1321 F.
1266 1299 1287 1321 S.

909 1332 918 1345 ‘³
926 1332 1000 1360 inquit
1012 1332 1039 1353 1).

1346 1302 1354 1315 ³
1366 1308 1408 1321 om.
1420 1301 1447 1321 Ῐ).
1507 1302 1515 1316 ⁴
1528 1302 1536 1316 5
1548 1309 1589 1322 vm.

1113 1331 1122 1346 9
1131 1332 1191 1361 quod
1203 1332 1229 1353 C.
1295 1332 1313 1346 10
1321 1338 1409 1352 murum
1420 1332 1447 1353 D.
1472 1331 1557 1353 nullam
1569 1333 1590 1353 S.

1537 1433 1591 1456 The

942 1478 1026 1501 Welsh
1049 1478 1213 1500 monasteries
1239 1477 1288 1500 had
1317 1476 1412 1499 similar
1439 1477 1590 1500 enclosures.

943 1519 1053 1542 “Cadoc
1071 1519 1213 1542 construxit
1229 1518 1359 1541 ecclesiam
1373 1518 1522 1545 Mamnoillo,
1541 1518 1591 1540 ‹lis-

941 1560 1022 1591 cipulo
1039 1561 1100 1590 ejus,
1113 1567 1216 1589 eamque
1232 1559 1364 1582 munimine
1377 1559 1591 1582 vallavit.''—Vit.

941 1602 966 1624 S.
979 1600 1080 1627 Cadoci,
1101 1608 1121 1623 c.
1133 1607 1162 1629 55
1176 1600 1262 1629 (noes,
1279 1599 1353 1622 Lives
1371 1600 1399 1622 of
1411 1599 1453 1622 the
1471 1599 1590 1622 Cambro-

940 1642 1036 1665 British
1048 1641 1140 1668 Saints,
1156 1649 1179 1671 p.
1193 1641 1240 1670 88).

971 1688 979 1698 Β
992 1682 1175 1705 Βου91η.--Ψ9
1194 1682 1257 1704 have
1274 1680 1377 1712 already
1395 1688 1452 1703 seen
1471 1681 1527 1704 that
1547 1681 1590 1704 the

939 1723 1090 1754 community
1103 1723 1130 1745 of
1145 1722 1186 1753 Hy
1198 1730 1264 1745 were
1281 1721 1401 1752 provided
1414 1722 1473 1744 with
1491 1722 1590 1744 wethers

940 1765 968 1794 (i.
979 1772 1017 1792 41,
1031 1771 1053 1794 p.
1065 1765 1101 1792 78,
1111 1764 1197 1794 supra)
1209 1772 1214 1788 z
1232 1763 1291 1785 here
1307 1770 1344 1785 we
1361 1762 1413 1785 find
1428 1763 1588 1793 preparation

938 1805 978 1827 for
990 1804 1031 1827 the
1043 1804 1172 1834 slaughter
1185 1804 1212 1826 of
1221 1811 1237 1827 a
1248 1804 1333 1834 larger
1344 1803 1442 1826 animal.

969 1847 979 1861 d
994 1846 1096 1869 Carnem
1114 1845 1303 1868 vulnerare.·-—A
1320 1844 1415 1867 similar
1431 1844 1552 1867 anecdote
1569 1844 1589 1866 is

938 1885 992 1909 told
1011 1886 1037 1908 in
1052 1885 1095 1908 the
1116 1885 1170 1908 Life
1186 1885 1214 1907 of
1233 1885 1268 1908 St.
1287 1884 1429 1907 Columba's
1451 1892 1587 1907 successor.

940 1926 1020 1949 “Alio
1037 1926 1062 1948 in
1076 1930 1193 1956 tempore.
1207 1925 1265 1948 dum
1277 1926 1315 1948 vir
1332 1926 1378 1949 Dei
1395 1926 1419 1948 in
1432 1926 1492 1948 Iona
1508 1926 1589 1948 insula

938 1967 1074 1994 habitaret,
1085 1967 1160 1990 hasta
1172 1966 1293 1997 quaedam,
1307 1970 1336 1989 ut
1347 1966 1379 1989 ab
1391 1974 1419 1989 eo
1432 1966 1588 1989 benedicere-

938 2011 987 2035 tur,
1000 2007 1078 2030 allata
1090 2011 1143 2030 est:
1158 2015 1231 2038 quam
1248 2008 1319 2038 signo
1332 2007 1420 2031 Crucis
1430 2007 1585 2030 benedicens.

938 2056 954 2071 a
973 2048 1012 2071 die
1030 2048 1073 2071 illo
1090 2051 1116 2071 et
1128 2048 1245 2078 deinceps
1260 2055 1400 2078 numquam,
1414 2049 1488 2070 etiam
1507 2050 1587 2069 eutem

938 2089 1051 2112 animalis
1068 2089 1181 2112 lacerare
1196 2089 1287 2119 potuit,
1305 2092 1331 2112 et
1346 2089 1434 2112 abhoc
1452 2088 1494 2110 illa
1514 2088 1587 2110 hasta

938 2130 1097 2153 ferramentis
1110 2130 1227 2152 Fratrum
1242 2137 1257 2152 a
1269 2129 1341 2152 fabro
1353 2129 1487 2152 commixta
1496 2131 1543 2153 est,
1557 2135 1587 2149 m·

937 2171 980 2194 illa
999 2170 1132 2201 quidquam
1147 2169 1392 2193 inciderent.'’—Vit.
1408 2170 1431 2191 S.
1447 2169 1584 2192 Raithenoi.

938 2220 958 2234 c.
973 2213 984 2234 8
1000 2211 1069 2242 (Act.
1085 2212 1128 2234 SS.
1139 2211 1196 2234 Jun.
1211 2215 1270 2233 tum.
1285 2211 1308 2233 ii.
1322 2218 1345 2240 p.
1360 2217 1400 2239 237
1413 2209 1445 2239 h).

940 1434 1108 1464 ierit.''——cap.
1127 1434 1139 1455 S
1160 1433 1248 1463 (Flem.
1268 1433 1371 1456 Collect.
1384 1441 1406 1463 p.
1423 1441 1449 1455 22
1463 1435 1500 1463 ιι).
