1850 2692
267 327 307 348 10
732 315 812 350 Vita
830 316 948 353 Sancti
970 317 1144 352 Columboe

1509 326 1574 363 [un.
1590 335 1606 353 1.

483 462 589 488 ¹NUNC
606 468 704 488 PRIMI
721 468 814 488 LIBRI
830 460 1154 491 2CAPITULATIONESd
1171 472 1382 493 ORDIUNTUR.

259 535 308 567 De
324 537 475 568 virtutum
490 538 643 570 miraculis
658 539 758 570 brevis
773 540 925 571 narratio&

259 586 308 617 De
324 593 429 618 sancto
445 588 578 620 Finteuo
593 590 712 625 abbate,
735 589 896 620 Tailchani
913 590 985 627 filio,
1006 591 1159 631 quomodo
1171 591 1209 622 de
1227 592 1292 633 ipso
1313 599 1435 625 sanetus
1451 594 1606 627 Columba

322 639 541 679 ³pr0phetavit.

258 688 307 720 De
323 688 474 727 Erneneo,
492 690 554 720 filio
571 691 706 727 Craseni,
725 690 899 731 ³pr0phetia
914 691 989 731 ejus.

258 739 307 770 De
322 740 457 771 adventu
474 741 635 773 Caiunichi
651 742 804 782 quomodo
820 742 1048 783 praenuntiavit.

257 790 307 822 De
322 792 457 831 periculo
472 793 569 823 sancti
586 792 727 824 Colmani
742 798 835 833 gente
852 792 1036 823 Mocusailni
1052 797 1157 824 sancto
1173 793 1333 825 Columbae
1348 796 1492 827 revelato.

258 842 308 873 De
320 843 469 875 Cormaco
484 849 595 885 nepote
611 844 713 875 Letha
728 848 737 863 ³
743 844 992 885 prophetationes
1007 845 1084 885 ejus.

258 894 308 925 De
323 895 428 925 belliss.

258 943 308 976 De
322 945 470 986 regibus&

257 995 307 1027 De
322 997 441 1027 duobus
456 997 558 1037 pueris
574 997 741 1028 secuudum
757 998 884 1028 verbum
903 997 968 1037 ejus
984 997 1014 1026 in
1030 996 1090 1028 fine
1105 997 1281 1037 septimanae
1296 999 1434 1029 mortuis.

256 1047 305 1078 De
321 1048 445 1079 Coleioh
461 1049 523 1079 filio
540 1049 625 1079 Aido
642 1048 840 1089 Draigniehe,
858 1054 890 1080 et
904 1049 942 1079 de
958 1050 1091 1089 quodam
1107 1049 1227 1080 occulto
1242 1050 1346 1080 matris
1361 1051 1456 1091 ipsius
1472 1058 1606 1091 peceato.

257 1097 306 1129 De
322 1099 409 1139 signo
425 1099 531 1129 mortis
547 1099 685 1139 ejusdem
701 1099 758 1129 viri
774 1104 783 1118 ³
789 1099 950 1140 prophetia
965 1100 1061 1130 sancti
1078 1100 1248 1131 Columbae.

256 1149 306 1179 De
322 1149 469 1180 Laisiano
484 1149 658 1180 hortulano.

256 1199 305 1230 De
322 1199 402 1230 Ceto
416 1211 529 1240 magno
545 1199 697 1240 quomodo
713 1204 722 1218 ³
728 1199 936 1240 prophetavit.

255 1250 304 1281 De
320 1252 453 1291 quodam
468 1252 609 1288 Bastano,
627 1252 680 1292 qui
695 1263 765 1283 cum
781 1252 898 1283 caeteris
913 1252 952 1283 ad
967 1253 1154 1284 maritimum
1169 1254 1330 1294 remigavit
1347 1254 1513 1284 desertum.

255 1301 304 1332 De
320 1302 453 1342 quodam
469 1302 610 1333 Nemano
626 1303 698 1333 ficto
714 1303 906 1343 ⁴poenitente,
919 1303 972 1343 qui
982 1309 1088 1344 postea
1103 1304 1269 1335 seeundum
1286 1305 1413 1334 verbum
1430 1305 1526 1334 sancti
1542 1315 1605 1334 car—

316 1364 386 1384 nem
402 1364 487 1393 equae
503 1354 624 1383 frutivae
640 1353 783 1383 comedit.

254 1402 303 1434 De
318 1403 371 1434 illo
386 1403 499 1434 infelici
514 1404 579 1434 viro
595 1404 648 1444 qui
663 1414 733 1434 cum
749 1415 804 1434 sua
818 1403 966 1444 genitrice
981 1405 1126 1444 peccavit.

254 1454 303 1485 De
319 1454 336 1484 1
352 1455 449 1486 vocali
464 1455 567 1485 littera
581 1466 649 1495 quae
666 1466 726 1485 una
740 1454 772 1484 in
787 1455 954 1486 ⁵Psalterio
970 1456 1076 1486 defuit.

254 1504 303 1535 De
319 1505 396 1536 libro
412 1505 443 1535 in
458 1505 621 1546 Bhydriami
637 1505 776 1536 cadente.

253 1555 302 1586 De
318 1557 472 1587 corniculo
487 1557 650 1587 atramenti
664 1556 821 1587 inclinato.

302 1647 307 1660 ¹
324 1647 404 1669 Omnia
416 1654 484 1676 usque
496 1648 528 1668 ad
538 1654 587 1675 cap.
607 1653 619 1668 2
637 1647 717 1668 desunt
733 1647 756 1668 in
774 1647 798 1670 C.
809 1647 837 1668 D.
847 1647 871 1668 F.
882 1647 904 1669 S.
941 1647 1053 1669 Elenchus
1064 1648 1087 1669 in
1100 1648 1162 1676 Colg.
1179 1648 1237 1670 Bull.
1270 1649 1302 1670 ad
1318 1656 1431 1669 numerum
1453 1649 1600 1676 capitulorum

253 1678 354 1705 equetus
368 1682 406 1700 est.
467 1680 475 1694 ²
484 1678 665 1707 Kapitulationes
676 1678 703 1700 A.

284 1766 293 1779 ’Ἰ
308 1764 624 1795 Capitulationes.—These
640 1765 785 1787 summaries
796 1772 839 1788 are
851 1766 898 1788 evi·

253 1805 338 1836 dently
349 1806 463 1836 genuine.
485 1805 555 1836 They
565 1805 637 1828 differ
648 1805 673 1828 in
685 1805 830 1836 expression
838 1806 902 1829 from

252 1846 295 1871 the
309 1847 430 1877 headings
442 1847 469 1869 of
478 1847 521 1870 the
533 1847 659 1877 chapters,
671 1847 696 1869 in
708 1850 758 1870 two
770 1854 840 1870 cases
852 1854 901 1870 em-

252 1889 327 1912 brace
339 1887 435 1911 several
445 1887 562 1918 chapters
573 1887 652 1910 under
660 1895 675 1910 a
687 1887 767 1917 single
777 1887 840 1914 title,
852 1888 901 1912 and

251 1933 279 1953 at
298 1929 340 1952 the
359 1928 425 1951 close
440 1928 510 1951 leave
530 1935 604 1951 seven
622 1928 739 1958 chapters
758 1928 899 1952 unnoticed.

252 1970 281 1993 In
293 1977 338 1993 one
349 1969 462 1992 instance
473 1969 532 2000 they
545 1969 633 1999 supply
645 1976 660 1992 a
672 1977 762 1999 proper
773 1977 845 1993 name
857 1973 901 1992 not

250 2009 391 2033 mentioned
403 2009 428 2032 in
440 2009 483 2032 the
494 2009 631 2032 narrative.
665 2009 864 2040 Capitulationes
876 2010 904 2033 of

251 2050 335 2074 Books
347 2050 373 2074 ii.
386 2050 435 2074 and
448 2050 480 2073 iii.
493 2058 536 2073 are
548 2050 659 2081 wanting
671 2050 696 2073 in
707 2050 749 2073 the
759 2051 901 2074 Reichenau

251 2091 313 2119 MS..
326 2091 370 2114 but
382 2098 425 2114 are
437 2091 550 2122 supplied
562 2091 594 2121 by
603 2090 646 2113 the
655 2090 716 2114 Cod.
724 2091 796 2119 Brit„
805 2091 900 2122 though

251 2131 279 2154 of
287 2131 363 2155 lower
379 2131 515 2162 authority.
548 2131 645 2161 Colgan
661 2131 711 2154 and
727 2133 769 2154 the
781 2131 900 2154 Bolland-

250 2173 305 2199 ists,
320 2172 447 2203 following
468 2172 493 2195 S.
512 2172 615 2195 White’s
635 2179 704 2203 copy,
722 2172 786 2195 have
802 2172 899 2196 altered

250 2213 299 2236 this
311 2212 379 2236 table
391 2220 418 2236 so
429 2220 457 2236 as
469 2215 496 2236 to
508 2213 660 2244 correspond
672 2213 772 2244 exactly
783 2213 843 2237 with
856 2213 898 2237 the

770 1679 779 1693 ³
790 1678 868 1706 profet.
881 1679 908 1700 A.

973 1680 982 1694 4
994 1682 1109 1706 penetente
1121 1681 1147 1701 A.
1213 1681 1221 1692 ³
1233 1679 1322 1701 salterio
1337 1680 1364 1701 Α.
1429 1683 1437 1694 2¹
1449 1680 1536 1707 ydriam
1550 1680 1576 1701 Α.

952 1766 1076 1796 chapters,
1097 1766 1230 1797 supplying
1253 1766 1368 1790 deficient
1389 1767 1458 1790 titles
1478 1767 1541 1789 from
1561 1768 1601 1790 the

952 1806 1043 1836 sequel.

982 1852 990 1863 θ
1001 1847 1242 1878 Narratio.—Chap.
1255 1856 1273 1870 1.
1300 1847 1361 1870 This
1374 1848 1423 1870 and
1432 1848 1473 1870 the
1487 1848 1600 1870 succeed—

950 1888 993 1918 ing
1005 1888 1052 1911 five
1064 1888 1133 1911 tituli
1141 1888 1224 1911 follow
1234 1889 1276 1912 the
1287 1888 1362 1911 order
1373 1888 1401 1911 of
1410 1889 1452 1911 the
1464 1889 1599 1911 narrative.

982 1929 989 1943 f
999 1927 1041 1951 De
1054 1928 1359 1959 Bellis.—Comprehends
1372 1929 1455 1958 ehaps.
1466 1935 1487 1956 7,
1499 1929 1518 1950 8,
1546 1928 1601 1950 The

950 1968 1067 1998 chapters
1080 1976 1124 1991 are
1135 1972 1179 1992 not
1190 1968 1325 1992 numbered
1337 1969 1361 1991 in
1373 1968 1415 1991 the
1428 1968 1541 1998 original,
1555 1968 1598 1991 but

949 2009 988 2032 for
1006 2009 1048 2032 the
1065 2010 1228 2032 convenience
1246 2009 1273 2032 of
1286 2009 1420 2037 reference,
1441 2009 1533 2038 figures
1557 2017 1600 2031 are

950 2049 1078 2080 employed
1089 2050 1114 2072 in
1125 2050 1168 2073 the
1180 2053 1281 2080 present
1294 2049 1371 2072 work.

980 2095 990 2110 8
1002 2090 1043 2114 De
1056 2090 1316 2121 remma—Chapters
1329 2097 1397 2120 9-15.

979 2131 990 2146 ¹¹
1002 2130 1045 2154 De
1058 2131 1244 2155 Celeia—This
1264 2131 1320 2155 title
1340 2131 1388 2154 and
1412 2131 1453 2153 the·
1472 2131 1598 2160 following

948 2178 993 2194 one
1005 2170 1095 2202 belong
1109 2175 1135 2195 to
1148 2172 1219 2202 chap.
1234 2179 1267 2199 ¹7-

978 2211 984 2226 ³
996 2212 1178 2244 Hydriam.—“
1190 2213 1327 2242 Aquarium
1342 2214 1397 2235 vas''
1409 2212 1433 2234 in
1446 2212 1516 2242 cliap.
1532 2220 1568 2239 24.
