1850 2692
262 289 427 326 mmmm]
745 281 777 313 A
784 286 891 315 actore
907 279 940 313 A
946 280 1126 315 dammum.
1547 294 1558 314 1
1567 282 1585 315 8
1592 295 1610 326 9

260 374 310 405 De
324 375 504 416 angelorum
519 380 625 406 contra
639 375 792 405 daemones
811 375 884 405 forti
903 375 1144 416 belligeratione,
1164 374 1277 406 Sancto
1292 374 1323 404 in
1340 374 1447 405 eodem
1462 374 1543 405 bello
1559 386 1612 415 op-

322 431 453 466 portune
469 426 746 456 subvenientiumk.

261 475 311 507 De
332 477 512 518 angelorum
542 477 731 517 apparitione
757 488 777 517 q
780 488 834 507 uos
859 477 906 508 vir
930 476 991 507 Dei
1023 476 1143 507 viderat
1168 475 1298 515 alicujus
1327 475 1460 505 animam
1489 476 1611 506 nomine

323 527 479 565 Columbi‚
495 528 573 558 fabri
587 528 714 564 ferrarii,
729 528 892 569 Coilrigiui
904 532 1119 569 cognomento,
1137 526 1175 556 ad
1190 527 1281 557 coelos
1297 526 1448 557 eveherffl.

261 577 311 608 De
325 578 504 618 angelorum
520 578 611 608 simili
627 578 752 615 visione,
779 590 856 618 quos
879 578 926 609 vir
945 579 1053 609 beatus
1071 582 1231 618 aspexerat
1251 577 1380 617 alicujus
1395 578 1472 608 bene
1488 584 1611 608 moratae

321 629 443 660 feminae
459 630 591 660 animam
602 631 641 660 ad
656 630 766 661 coelum
778 630 894 661 ferrem.

261 680 310 712 De
325 682 505 722 angelorum
520 682 709 722 apparitione
725 687 911 718 sanctorum,
923 691 999 721 quos
1012 684 1134 710 sanctus
1145 679 1299 710 Columba
1313 678 1419 709 obvios
1434 678 1465 708 in
1481 679 1612 709 transitu

323 733 443 763 viderat
463 733 545 763 beati
561 733 716 763 Brendeni
740 733 857 770 animae‚
882 733 963 763 illius
986 730 1162 762 monasterii
1181 730 1353 761 fundatoris
1377 730 1459 770 quod
1478 729 1612 761 Scottice

323 783 413 814 Birra
427 789 654 824 nuneupaturn.
1628 772 1630 775 v

260 833 311 864 De
326 834 506 875 angelorum
522 834 638 865 visione
654 839 839 870 sanctorum,
862 834 915 874 qui
933 833 1030 864 sancti
1045 832 1231 864 Columbani
1246 831 1390 873 episcopi,
1408 831 1610 872 Momloigse,

322 885 454 915 animam
469 886 508 916 ad
523 885 633 915 coelum
646 890 839 916 evexerant0.

260 936 309 967 De
324 937 504 978 angelorum
519 936 709 977 apparitione
725 936 779 977 qui
794 936 916 966 obviam
936 934 1095 965 animabus
1110 934 1207 965 saneti
1222 934 1442 965 monachorum
1458 933 1612 974 Comgelli

322 988 571 1019 descenderantl’.

260 1038 309 1069 De
325 1039 505 1080 angelor1m1
519 1038 764 1069 manifestatione
779 1038 908 1078 alicujus
923 1036 1106 1067 ²Emchathi
1121 1037 1229 1067 animae
1244 1036 1463 1067 obviantium&

260 1089 311 1121 De
325 1090 435 1131 angelo
451 1089 588 1125 Domini,
615 1089 669 1129 qui
691 1088 781 1119 alicui
802 1087 891 1118 fratri
914 1087 999 1128 lapso
1021 1087 1060 1118 de
1081 1086 1259 1118 monasterii
1280 1086 1414 1117 eulmine
1435 1085 1559 1115 rotundi
1581 1084 1613 1114 in

322 1144 472 1175 Roboreti
488 1144 606 1184 Campo
621 1148 794 1183 opportune
810 1148 873 1172 tam
888 1141 949 1172 cito
965 1142 1177 1172 subvenerat&

260 1194 310 1226 De
325 1195 504 1236 angelorum
526 1193 725 1224 multitudine
745 1198 920 1223 sanctorum
945 1191 1010 1223 visa
1032 1191 1071 1221 ad
1092 1191 1175 1222 beati
1198 1190 1374 1222 condictum
1396 1190 1453 1220 viri
1476 1190 1513 1220 de
1536 1189 1612 1220 coelo

322 1244 575 1276 descendentium
582 1250 601 1272 S.

260 1296 309 1327 De
325 1296 467 1327 columna
477 1295 628 1325 luminosa
643 1293 739 1324 saneti
755 1293 812 1324 viri
827 1293 865 1323 (le
882 1293 996 1324 vertice
1011 1292 1116 1323 ardere
1128 1292 1216 1322 visat.

258 1348 309 1379 De
327 1348 460 1389 Spiritus
478 1347 584 1379 Sancti
606 1346 803 1377 descensione
825 1346 890 1376 sive
914 1345 1088 1375 visitatione
1111 1355 1179 1384 quae
1201 1344 1233 1374 in
1255 1343 1361 1374 eadem
1383 1342 1492 1378 insula,
1516 1342 1614 1372 tribus

320 1398 474 1429 continuis
489 1398 607 1434 diebus,
625 1397 817 1436 totidemque
829 1396 982 1432 noctibus,
1000 1406 1091 1436 super
1107 1395 1311 1426 venerabilem
1327 1394 1438 1424 mansit
1454 1394 1583 1424 virumn.

259 1448 308 1480 De
324 1449 470 1490 angelicae
485 1449 561 1479 lucis
578 1447 771 1484 claritudine,
788 1458 881 1487 quam
897 1446 1069 1487 Virgnous,
1092 1447 1179 1476 bonae
1194 1446 1305 1476 indolis
1316 1445 1450 1485 juvenis,
1468 1445 1521 1485 qui
1533 1450 1612 1485 post,

320 1499 402 1530 ³Deo
417 1504 551 1534 auctore,
565 1498 637 1529 huic
652 1497 776 1538 praefuit
791 1497 935 1533 ecclesiae‚
951 1497 1001 1526 cui
1013 1507 1081 1537 ego,
1095 1497 1241 1537 indignus
1257 1496 1338 1532 licet,
1356 1496 1505 1531 deservio,
1523 1506 1614 1535 super

321 1557 461 1582 sanctum
477 1551 662 1582 Columbam
678 1551 707 1579 in
732 1549 868 1586 ecclesia,
885 1549 1031 1579 fratribus
1052 1548 1175 1579 hiemali
1190 1553 1280 1579 nocte
1296 1548 1327 1578 in
1343 1547 1491 1578 cubiculis
1512 1547 1614 1587 quies-

321 1603 472 1639 centibus,
489 1603 673 1633 descendere
689 1602 835 1632 viderat&

259 1653 308 1685 De
323 1654 382 1685 alia
396 1665 490 1695 prope
506 1654 597 1684 simili
612 1654 698 1684 celsae
714 1652 904 1683 claritudinis
920 1651 1069 1683 visionew.

260 1705 309 1736 De
324 1706 382 1736 alia
396 1705 484 1746 parili
499 1706 610 1736 divinae
625 1705 701 1735 lucis
717 1704 934 1744 apparitione¹.

259 1756 309 1788 De
320 1757 379 1787 alia
390 1756 569 1798 angelorum
582 1762 686 1787 sancto
698 1756 892 1786 manifestata
904 1755 970 1785 viro
984 1753 1174 1795 apparitione
1185 1764 1192 1789 3
1209 1764 1286 1794 quos
1296 1758 1407 1784 sanctae
1423 1753 1488 1793 ejus
1504 1752 1611 1782 animae

321 1808 444 1839 obviare
454 1808 634 1849 incipientes
649 1807 737 1847 quasi
753 1818 824 1837 mox
839 1807 877 1837 de
890 1816 1015 1846 corpore
1031 1806 1150 1836 viderat
1165 1805 1343 1846 migraturae
1351 1810 1373 1834 y-

260 1859 309 1890 De
324 1859 455 1890 transitu
470 1860 509 1890 ad
525 1859 695 1890 Dominum
710 1858 807 1889 sancti
822 1857 919 1888 nostri
934 1856 1055 1898 patroni
1071 1856 1259 1888 Columbaez.

601 1941 807 1961 ExPLICIUNT
832 1940 998 1961 CAPITULA
1019 1940 1133 1960 TERTII
1160 1940 1265 1960 LIBRI.

775 2014 784 2029 ²
796 2012 896 2035 emdathi
908 2011 935 2033 B.
999 2013 1008 2028 3
1020 2012 1047 2033 de
1058 2011 1085 2033 B.

325 2071 402 2100 ¹Cap.
416 2079 437 2101 9.
579 2077 589 2088 ⁰
601 2072 662 2103 Cap.
679 2080 712 2095 xz.
857 2078 864 2088 r
879 2072 939 2103 Cap.
956 2080 990 2102 ¹5-
1118 2077 1129 2088 u
1140 2072 1200 2102 Cap.
1217 2073 1251 2094 18.
1396 2076 1404 2084 ¹
1417 2069 1477 2099 caP-
1493 2076 1528 2090 2¹·

321 2109 404 2139 meap.
419 2117 453 2132 10.
580 2116 590 2131 ν
603 2112 663 2142 Cap.
680 2120 713 2141 13.
857 2117 864 2128 ⁵
879 2112 940 2142 Cap.
957 2113 990 2135 16.
1120 2118 1128 2127 »-
1141 2112 1202 2142 Cap.
1218 2120 1252 2142 19.
1396 2116 1404 2129 >⁷
1417 2110 1477 2139 Οἴη),
1491 2117 1526 2131 22-

321 2155 331 2165 ¹¹
344 2150 404 2181 Cap.
421 2158 454 2173 ιι.
582 2158 592 2173 <³
605 2153 666 2184 Cap.
682 2161 715 2182 ¹4·
860 2156 867 2170 2
880 2153 942 2184 Cap.
958 2161 991 2183 ¹7·
1121 2159 1133 2169 ⁸*
1143 2154 1203 2184 Cap.
1217 2161 1253 2176 20.
1397 2157 1403 2165 ¹
1418 2150 1478 2180 CaP·
1494 2156 1527 2177 23·
