1850 2692
264 302 328 321 car.
345 293 404 330 ια]
748 283 896 319 Auctore
912 282 1131 317 Adamncmo.
1543 295 1584 317 22
1591 296 1609 328 5

262 389 298 410 eo
313 379 412 410 virtus
434 382 615 409 remaneret.
656 378 788 410 Sanctus
814 389 885 409 vero
906 377 1068 413 Columba,
1085 381 1156 418 post
1178 386 1240 407 non
1262 376 1413 417 prolixam
1432 377 1610 413 orationem,

262 430 420 471 egreditm·
440 429 608 461 ecclesiam.
654 429 915 470 ¹⁸Virgn0umque
931 429 1020 460 valde
1038 429 1217 459 timoratum
1232 428 1271 458 ad
1286 438 1318 458 se
1333 427 1464 458 crastina
1483 427 1613 458 advocat

263 482 322 518 die,
340 481 450 522 hisque
466 481 609 512 brevibus
632 480 796 521 compellat
814 479 1023 511 consolatoriis
1047 478 1184 515 “wei-bis,
1202 477 1298 514 Bene,
1320 478 1349 508 O
1364 477 1466 514 filiole,
1484 477 1613 518 ingemi-

263 542 349 568 nans,
366 531 423 562 hac
439 531 594 572 praeterita
608 536 698 561 nocte
709 530 741 560 in
753 535 920 570 conspectu
935 529 996 560 Dei
1011 528 1163 570 placuisti,
1181 528 1284 559 oculos
1299 528 1339 559 ad
1353 533 1465 559 terram
1480 529 1613 569 deprim-

264 583 353 620 endo,
367 583 514 614 claritatis
526 583 635 613 timore
646 582 827 623 perterritus
840 582 905 623 ejus
916 593 923 617 3
939 593 1018 618 nam,
1031 581 1056 612 si
1071 592 1133 612 non
1147 581 1191 611 ita
1202 580 1334 618 fecisses,
1347 581 1399 611 illa
1409 581 1613 611 inaestimabili

263 635 490 665 obcaecarentur
504 634 551 665 tui
566 634 634 664 luce
649 633 743 664 ²⁰visa
757 634 848 664 oculi.
891 633 953 665 Sed
967 633 1026 664 hoc
1040 644 1102 663 non
1116 633 1311 673 negligenter
1325 633 1486 663 observare
1501 633 1615 663 21debe-

263 685 321 721 bis,
336 690 372 715 ut
387 685 480 715 talem
495 685 574 715 hanc
589 684 666 715 lucis
681 684 957 715 manifestationem
972 683 1087 714 nemini
1103 694 1240 722 unquam
1255 683 1287 713 in
1302 694 1370 713 mea
1385 682 1523 713 denudes
1538 683 1613 713 vita.

265 735 343 766 Haec
358 735 463 775 itaque
478 735 679 776 praedicabilis
695 740 727 766 et
741 735 927 766 admirabilis
948 746 1006 771 res,
1028 740 1099 775 post
1113 734 1196 765 beati
1216 734 1275 764 viri
1297 734 1472 770 transitum,
1496 734 1613 770 multis,

263 786 371 817 eodem
386 786 579 827 ²²Virgnouo
594 791 747 822 narrante,
767 786 914 817 innotuit.
959 785 1058 826 Cujus
1074 785 1190 816 scilicet
1205 785 1389 826 ²³Virgnoui
1409 785 1518 815 sororis
1533 785 1614 815 filius

264 837 480 872 Commanus‘2
503 836 691 867 honorabilis
711 837 881 877 presbyter,
905 836 981 866 mihi
1006 834 1230 866 ²⁴Adamnanof
1251 835 1290 866 de
1310 835 1367 866 hac
1387 846 1479 876 supra
1498 835 1614 866 visione

264 892 431 918 ”caraxata
452 887 626 927 aliquando,
644 889 700 918 sub
716 888 940 924 testificatione,
958 892 1162 918 enarraverat.
1207 887 1272 926 Qui
1287 887 1380 918 etiam
1391 891 1561 918 enarratam
1576 887 1614 917 ab

264 943 284 957 ²⁶¹
291 949 342 969 ore
353 938 449 979 ipsius
464 938 655 979 ²⁷Virgn0ui‚
669 939 797 975 abbatis,
812 944 843 970 et
858 938 1004 970 avunculi
1019 938 1077 975 sui,
1091 939 1128 969 ab
1140 948 1176 968 eo
1186 937 1216 967 in
1229 943 1380 978 quantum
1393 937 1495 978 potuit
1507 937 1613 973 visam,

264 989 413 1021 audierat.

476 1103 528 1128 ¹1)ss
546 1108 622 1128 ALIA
639 1108 747 1128 PROPE
766 1108 870 1128 s1M1L1
887 1107 997 1128 CELSAE
1014 1106 1251 1128 CLARITUDINIS
1266 1105 1412 1126 VISIONE.

329 1177 421 1206 ALIA
443 1176 551 1207 itidem
574 1180 676 1212 nocte,
701 1175 827 1216 quidam
851 1176 889 1206 de
913 1175 1069 1211 fratribus,
1096 1174 1242 1215 2Colgius
1266 1174 1399 1211 nomine,
1417 1174 1514 1205 ³filius
1531 1175 1616 1205 Aido

267 1227 464 1269 Draigniche‚
481 1228 520 1258 de
536 1227 713 1267 Nepotibus
729 1227 893 1267 ‘'Fechreg,
907 1227 994 1267 cujus
1010 1227 1042 1256 in
1053 1226 1152 1266 primo
1168 1226 1306 1256 ⁵fecimus
1320 1226 1531 1263 mentionemss,
1545 1238 1617 1257 casu

265 1279 305 1310 ad
315 1279 445 1319 januam
465 1278 609 1315 ecclesiae,
633 1278 699 1308 aliis
718 1278 954 1314 dormientibus,
970 1278 1106 1314 devenit,
1130 1277 1308 1317 ibidemque
1323 1277 1512 1317 aliquamdiu
1534 1284 1618 1309 stans

262 1331 381 1371 orabat.
425 1330 508 1360 Tum
521 1329 649 1370 proinde
664 1329 767 1359 subito
782 1333 880 1359 totam
896 1328 982 1359 videt
997 1328 1156 1359 ecelesiam
1176 1328 1292 1359 coelesti
1307 1328 1376 1359 luce
1397 1328 1525 1369 repleri:
1549 1340 1617 1369 quae

264 1382 380 1413 scilicet
394 1381 571 1422 ⁶fulguralis
586 1381 640 1411 lux
656 1380 739 1411 dicto
755 1380 845 1411 citius
860 1381 898 1411 ab
914 1380 982 1420 ejus
1001 1380 1127 1411 recessit
1143 1380 1250 1411 oculis.
1297 1380 1446 1411 Sanctum
1456 1391 1529 1411 vero
1545 1380 1619 1411 Col-

264 1434 388 1464 umbam
404 1432 479 1463 hora
497 1433 603 1463 eadem
619 1433 700 1462 intra
715 1432 874 1463 ecclesiam
894 1436 1033 1462 orantem
1052 1431 1225 1472 ignorabat.
1270 1430 1409 1471 Postque
1425 1431 1516 1462 talem
1536 1431 1620 1462 subi-

263 1489 327 1514 tam
348 1484 472 1515 luminis
495 1484 728 1525 apparitionem,
754 1484 844 1515 valde
866 1484 1096 1524 pertimescens,
1121 1484 1248 1514 domum
1268 1483 1445 1514 revertitur.
1491 1483 1619 1514 Postera

264 1535 313 1566 die
326 1535 467 1572 Sanctus,
485 1536 573 1566 illum
585 1536 747 1572 advocans,
762 1535 898 1576 asperius
910 1535 1099 1576 objurgavit,
1112 1534 1265 1574 inquiens,
1280 1534 1329 1564 De
1339 1539 1440 1565 cetero
1450 1545 1619 1575 praecavere

263 1586 366 1624 debes,
377 1587 428 1623 fili,
440 1598 488 1626 ne,
499 1587 587 1627 quasi
597 1587 781 1627 explorator,
796 1587 918 1618 coeleste
926 1587 1042 1623 lumen,
1054 1586 1138 1627 quod
1148 1586 1205 1617 tibi
1220 1596 1281 1616 non
1296 1590 1343 1616 est
1354 1586 1513 1621 donatum,
1526 1586 1619 1626 inspi-

264 1652 331 1672 cere
346 1641 474 1677 eoneris,
491 1640 564 1680 quia
579 1646 610 1671 te
626 1640 772 1681 effugiet3
796 1645 828 1670 et
843 1650 882 1671 ne
897 1639 987 1670 alicui
1002 1639 1034 1669 in
1049 1639 1126 1670 meis
1142 1638 1252 1670 diebus
1267 1639 1351 1679 quod
1368 1639 1473 1670 vidisti
1488 1650 1618 1671 enarres.

313 1733 330 1747 1²3
341 1732 463 1760 fergnaque
475 1731 503 1752 D.
575 1732 593 1746 1⁹
604 1739 646 1753 om.
660 1731 684 1753 C.
758 1732 777 1746 20
788 1738 830 1752 om.
844 1730 871 1752 D.
946 1731 964 1746 Ἡ
977 1730 1045 1751 debes
1060 1729 1085 1752 C.
1099 1730 1127 1751 D.
1201 1731 1220 1745 22
1234 1730 1345 1758 virgnono
1357 1730 1385 1752 B.
1420 1730 1498 1758 forgna
1510 1730 1537 1751 D.
1572 1731 1619 1752 viro

263 1769 337 1790 guono
356 1763 379 1784 F.
444 1764 463 1778 2³
474 1762 553 1790 fei-gna
571 1762 599 1783 D.
633 1762 676 1784 viri
695 1761 765 1790 gnoui
783 1762 807 1783 F.
872 1762 891 1777 ²4
904 1761 931 1782 D.
950 1761 1076 1782 adomnano
1092 1761 1119 1782 A.
1131 1760 1158 1782 Β.
1171 1760 1195 1782 C.
1207 1760 1231 1782 F,
1241 1760 1264 1782 S.
1329 1762 1349 1777 2⁵
1360 1765 1456 1783 craxata
1467 1762 1494 1782 A.
1523 1764 1620 1784 tractam

265 1793 330 1822 Colg.
343 1793 401 1815 Boll.
466 1795 485 1809 2⁶
497 1794 519 1814 in
532 1801 603 1821 mary.
616 1793 643 1815 B.
707 1795 725 1809 2⁷
738 1794 816 1821 sergna
829 1793 857 1814 D.
892 1792 935 1814 viri
946 1792 1015 1820 gnoui
1028 1792 1052 1813 F.

312 1836 319 1849 l
332 1834 390 1855 titul.
408 1841 449 1855 om.
471 1833 496 1856 C.
510 1834 538 1855 D.
552 1833 577 1854 F.
591 1833 614 1855 S.
635 1833 694 1855 Boll.
769 1835 778 1849 ²
790 1833 871 1861 colgus
891 1832 916 1854 C.
951 1832 1018 1861 colgu
1038 1832 1066 1854 D.
1140 1832 1169 1848 3‘4
1181 1839 1221 1853 om.
1238 1832 1263 1854 C.
1278 1832 1305 1853 D.
1316 1832 1341 1853 F.
1355 1831 1377 1854 S.
1451 1833 1459 1848 ⁴
1476 1832 1576 1855 fecluech
1592 1834 1616 1855 B.

264 1867 272 1881 ³
284 1865 340 1887 libro
352 1865 406 1887 add.
419 1865 446 1886 B.
511 1863 521 1878 ὓ
532 1864 629 1893 fulgoris
642 1865 669 1886 D.

293 1948 301 1959 θ
316 1942 594 1973 Commanus.-Colgan
605 1942 730 1965 identifies
742 1942 792 1964 him
803 1942 862 1965 with
874 1942 916 1965 the
966 1941 1027 1964 with
1035 1940 1076 1964 the
1084 1944 1149 1964 term
1159 1947 1264 1971 eprcop
1272 1941 1295 1964 in
1304 1941 1346 1964 the
1352 1941 1486 1967 Cauendum,
1496 1941 1546 1964 and
1554 1942 1619 1964 Four

263 1983 391 2014 following
405 1993 410 2006 :
441 1984 567 2007 Common
594 1990 700 2013 eprcop
719 1990 780 2007 mac
801 1983 914 2012 ermom.
966 1981 1043 2004 Mast.
1054 1981 1105 2010 676.
1142 1981 1204 2004 This
1218 1982 1338 2004 Comman
1354 1989 1405 2004 was
1421 1982 1524 2005 brother
1542 1982 1570 2005 of
1581 1983 1617 2005 St.

263 2021 305 2047 Do
327 2025 407 2047 cenet
429 2025 545 2048 cCouuit
569 2024 676 2055 &utbon
700 2031 752 2047 nuc
777 2024 852 2047 Neai
872 2026 915 2050 oo,
967 2022 1079 2046 Cuimine
1088 2022 1173 2049 Fionu,
1189 2022 1232 2045 the
1248 2022 1353 2045 seventh
1367 2022 1445 2045 abbot
1454 2022 1482 2045 of
1491 2023 1538 2053 Hy.
1573 2023 1618 2046 Spe

265 2065 407 2093 ‘Commam
425 2065 520 2095 bishop,
542 2072 586 2087 son
605 2065 633 2087 of
648 2065 747 2088 Ernau:
770 2064 801 2087 he
820 2071 872 2087 was
893 2064 921 2086 of
968 2063 1074 2090 Usshen
1090 2063 1154 2086 Brit.
1168 2063 1211 2085 Ec.
1226 2063 1286 2086 Ant.
1298 2070 1317 2085 c.
1335 2070 1359 2091 17
1374 2063 1456 2093 (Wks.
1471 2063 1501 2084 vi.
1514 2070 1537 2092 p.
1551 2065 1618 2093 540).

264 2105 306 2127 the
323 2112 382 2127 tace
399 2104 427 2126 of
440 2104 519 2127 Conal
531 2104 638 2132 Gulban,
652 2111 697 2127 sou
714 2104 742 2127 of
755 2103 832 2127 Niall'
852 2103 918 2134 (Cal.
999 2103 1082 2126 fMilzi
1090 2103 1320 2126 Adamnano.-See
1332 2103 1346 2125 i.
1360 2111 1368 2125 1
1380 2103 1415 2133 (p.
1428 2102 1475 2132 16),
1484 2109 1515 2132 49
1524 2103 1559 2133 (pi
1569 2104 1618 2133 95),

264 2146 360 2176 Doneg.
374 2145 438 2167 Mar.
452 2146 507 2174 18);
527 2145 576 2167 and
588 2148 684 2168 asset-ts
700 2145 757 2168 that
767 2145 919 2168 Adamnan’s
967 2152 1047 2175 supra,
1066 2152 1122 2174 cap.
1137 2151 1172 2173 23,
1185 2144 1258 2174 infra.

264 2186 359 2216 epithet
369 2185 515 2209 honorabilis
523 2185 648 2216 presbyter
657 2186 677 2209 is
690 2189 733 2209 not
742 2184 919 2216 incompatible
1000 2190 1009 2200 ³³
1021 2184 1256 2208 Mentionem.-s‹÷e
1268 2184 1282 2206 i.
1300 2191 1324 2212 ¹7
1339 2184 1391 2214 (pp.
1403 2190 1441 2213 45,
1453 2183 1496 2212 46)
1507 2191 1586 2214 supra.

907 2223 973 2255 2G
