1850 2692
265 299 432 336 cunum]
765 289 912 324 Auctore
928 288 1151 324 Adamnano.
1548 303 1606 324 101

264 385 313 416 De
329 384 501 416 Baitheneo
525 390 557 415 et
577 384 771 416 Columbano
792 384 854 415 filio
875 384 1025 425 Beognoi,
1050 385 1104 424 qui
1127 395 1145 414 a
1167 384 1281 416 Sancto
1305 384 1484 421 sectmdum‚
1505 385 1611 415 eadem

325 436 384 473 die,
402 436 455 467 sed
471 436 592 467 diversa
606 436 665 472 via,
684 442 811 466 ventum
827 435 884 466 sibi
900 436 966 466 dari
982 436 1198 476 postularuntv.

265 486 314 518 De
329 487 475 518 daemonis
490 487 663 527 repulsione
678 486 732 526 qui
746 486 778 515 in
792 485 880 516 lactis
895 485 1019 516 vasculo
1034 485 1199 516 latitabat&

264 538 313 569 De
329 538 453 569 vasculo
469 539 553 578 quod
568 538 693 578 quidam
708 537 874 572 maleficus,
891 536 970 567 laete
985 537 1024 566 de
1043 536 1177 566 masculo
1192 537 1272 566 bove
1292 546 1445 576 expresso,
1463 536 1612 567 diabolica

325 589 457 630 replevit
471 594 554 624 arte3
571 589 634 625 sed,
652 588 765 620 Sancto
780 592 895 623 orante,
909 587 1010 627 ipsum
1025 587 1109 626 quod
1123 586 1287 617 videbatur
1301 586 1358 623 lac,
1371 586 1403 616 in
1418 587 1609 627 sanguinem,

326 642 383 672 hoc
399 646 455 677 est,
473 641 505 671 in
520 646 661 671 naturam
676 639 840 681 propriam,
858 650 981 670 versum
996 644 1066 669 est‘.

266 691 314 722 De
334 691 466 732 Lugueo
489 692 660 728 Mocumiu,
684 703 777 732 quem
798 691 928 722 Sanctus
949 691 987 721 de
1009 690 1159 731 profluvio
1182 690 1349 731 sanguinis,
1371 691 1425 731 qui
1445 692 1550 722 erebro
1573 703 1611 721 ex

326 743 450 773 naribus
466 743 531 783 ejus
547 743 728 784 profluebat,
746 743 882 773 oratione
898 748 928 773 et
944 742 1112 783 digitorum
1127 747 1213 772 tactu
1229 742 1372 773 sanavit-².

264 794 313 825 De
329 805 416 825 esoce
431 806 543 835 magno
559 795 590 824 in
605 795 710 830 fluvio,
723 796 816 834 juxta
831 795 959 825 verbum
977 793 1092 830 Sancti,
1109 794 1256 824 inventot.

267 845 314 876 De
330 845 450 876 duobus
467 846 611 886 piscibus,
633 846 686 876 illo
701 846 914 886 prophetante,
932 845 962 875 in
978 845 1103 875 flumine
1119 846 1203 885 quod
1218 850 1345 876 vocatur
1361 844 1428 875 Boo
1443 845 1595 885 1·epertis¹¹.

264 896 312 926 De
328 897 461 936 quodam
477 897 597 937 plebeio
613 897 667 937 qui
683 897 715 927 N
718 908 826 928 esauus
843 896 966 928 Curvus
982 897 1164 927 dicebaturv.

264 947 313 978 De
329 949 462 988 quodam
477 949 573 979 divite
589 948 792 984 tenacissimo,
809 948 932 979 nomine
948 948 1103 989 Uigenow,

263 998 312 1029 De
328 999 522 1030 Columbnno
535 1011 620 1039 {eque
632 1000 751 1040 plebeio
763 1000 837 1036 viro,
847 1000 935 1039 cujus
945 1010 1054 1039 pecora
1068 998 1235 1029 admodum
1250 1008 1347 1038 pauca
1364 998 1408 1029 vir
1422 1003 1545 1028 sanctus
1561 999 1611 1028 be-

325 1050 464 1087 nedixit3
494 1051 547 1081 sed
570 1056 640 1091 post
662 1050 743 1081 illius
765 1050 1010 1081 benedictionem
1034 1061 1132 1090 usque
1154 1050 1192 1079 ad
1216 1049 1427 1080 centenarium
1449 1055 1612 1080 creverunt

325 1107 516 1132 nume1·um“.

264 1155 312 1186 De
327 1156 455 1186 interitu
470 1156 494 1187 J
497 1156 623 1186 ohannis
639 1155 693 1185 filii
710 1155 857 1191 Conallis,
874 1155 979 1186 eadem
995 1155 1044 1185 die
1060 1166 1122 1195 qua
1139 1155 1286 1186 Sanctum
1302 1165 1447 1194 spernens
1463 1154 1612 1184 dehonor-

325 1207 418 1237 avity.

263 1258 312 1288 De
328 1258 458 1298 alicujus
474 1258 645 1289 Feradachi
660 1263 768 1295 morte,
786 1257 974 1288 fraudulenti
992 1257 1058 1293 viri,
1075 1269 1091 1287 a
1110 1257 1223 1289 Sancto
1238 1257 1468 1297 praenunciataz.

262 1310 311 1341 De
326 1310 385 1341 alio
400 1316 604 1351 persecutore,
622 1311 670 1351 cuj
676 1322 710 1341 us
725 1321 837 1341 nomen
852 1310 946 1341 latine
964 1310 1077 1340 Manus
1094 1309 1233 1340 Dextera
1247 1309 1384 1340 dicitur-³.

262 1361 311 1392 De
331 1362 390 1392 alio
410 1362 620 1393 innocentium
637 1366 842 1402 persecutore,
861 1361 915 1401 qui
934 1361 965 1391 in
982 1361 1204 1402 Laginensium
1223 1360 1390 1400 provincia,
1408 1360 1487 1390 sicut
1503 1360 1612 1389 Anna-

322 1413 387 1444 nias
402 1424 504 1444 eoram
516 1414 621 1450 Petro,
639 1414 747 1445 eodem
761 1418 929 1450 momento,
945 1425 963 1444 a
978 1413 1090 1445 Sancto
1105 1413 1283 1444 terribiliter
1297 1413 1488 1453 objurgatus,
1503 1412 1612 1443 cecidit

322 1465 486 1496 mortuusb.

260 1515 309 1547 De
324 1517 389 1557 apri
404 1517 648 1553 mortificatione,
663 1517 717 1557 qui
732 1528 750 1547 a.
764 1517 877 1548 Sancto
889 1517 1008 1548 eminus
1024 1517 1145 1553 cecidit,
1159 1517 1246 1558 signo
1257 1522 1427 1558 prostratus
1441 1516 1610 1547 Dominieae

322 1568 443 1599 erucis0.

260 1618 310 1648 De
328 1618 387 1649 alia
406 1618 535 1659 aquatili
550 1619 657 1655 bestia,
674 1630 754 1659 quae,
774 1630 810 1650 eo
831 1624 947 1656 orante,
965 1624 997 1650 et
1014 1630 1139 1649 manum
1159 1629 1175 1649 e
1195 1623 1301 1649 contra
1315 1619 1447 1654 levante,
1465 1623 1546 1648 retro
1564 1629 1611 1648 re-

322 1670 410 1710 pulsa
425 1675 472 1701 est
486 1681 524 1700 ne
541 1670 673 1711 Lugneo
689 1670 808 1701 natanti
823 1671 923 1701 vicino
939 1670 1086 1701 noceretd.

260 1720 309 1751 De
324 1720 430 1751 insulae
447 1721 531 1751 Ionae
547 1720 691 1761 viperinis
711 1721 914 1761 serpentibus,
932 1721 996 1761 qui,
1018 1732 1055 1751 ex
1071 1732 1133 1760 qua
1148 1719 1197 1750 die
1215 1720 1347 1751 Sanctus
1359 1731 1425 1751 eam
1441 1720 1607 1753 benedixit,

321 1772 400 1802 nulli
414 1772 573 1802 hominum
589 1783 645 1803 nec
660 1772 753 1803 etiam
768 1773 928 1813 pecoribus
944 1783 1052 1803 nocere
1068 1777 1218 1812 potueree.

260 1823 309 1853 De
324 1823 411 1854 hasta
426 1824 464 1854 ab
479 1834 515 1854 eo
535 1823 663 1864 signata,
682 1835 750 1863 quae
766 1823 909 1864 deinceps
924 1823 1009 1854 nullo
1029 1823 1129 1859 modo,
1148 1822 1317 1863 quamlibet
1331 1822 1452 1853 fortiter
1467 1822 1606 1863 impulsa,

320 1875 412 1906 alicui
426 1875 529 1916 potuit
544 1886 652 1906 nocere
667 1875 815 1905 animanti
822 1876 839 1905 f.

259 1925 308 1957 De
323 1926 471 1957 Diormiti
487 1926 664 1967 {egrotantis
680 1926 835 1957 sanitateg.

259 1976 307 2008 De
324 1977 456 2009 Fenteni
471 1977 526 2008 filii
542 1978 638 2014 Aido,
656 1978 687 2007 in
703 1977 848 2008 extremis
863 1977 965 2018 positi,
983 1977 1137 2008 sanitateh.

335 2054 344 2064 ⁰
357 2049 416 2080 Cap.
431 2057 466 2079 ¹4-
625 2051 632 2065 ²
647 2049 707 2079 Cap.
723 2057 756 2079 ¹9·
1045 2053 1054 2068 Υ
1067 2049 1125 2078 Cap.
1140 2056 1176 2071 22.
1371 2049 1380 2063 Δ
1393 2048 1451 2077 Cap,
1466 2053 1500 2074 27.

335 2094 345 2109 Ρ
355 2090 414 2120 Cap.
429 2097 462 2119 15-
626 2095 638 2105 ¹¹
648 2091 706 2120 Cap.
724 2098 757 2120 19.
1046 2095 1053 2104 ²
1069 2090 1128 2119 Cap.
1142 2096 1177 2118 23.
1372 2093 1381 2103 Ε
1396 2088 1453 2117 Cap.
1466 2088 1500 2109 28.

335 2135 345 2149 (ἰ
358 2130 417 2159 Cap.
432 2130 466 2153 16.
627 2132 704 2161 ‘Cap
718 2139 754 2154 20.
1046 2135 1055 2145 ²¹
1067 2131 1126 2160 Cap.
1140 2138 1176 2159 24
1371 2129 1379 2143 f
1394 2129 1452 2158 Cap.
1466 2135 1502 2157 29.

334 2178 342 2188 r
357 2173 416 2203 Cap.
432 2180 466 2201 17.
627 2174 803 2205 wAppendage
812 2176 839 2197 to
851 2181 904 2204 cap.
914 2181 943 2196 20
952 2173 981 2196 B.
1045 2173 1055 2188 ¹³
1068 2174 1127 2202 Cap.
1140 2179 1176 2201 25.
1370 2175 1381 2190 g
1393 2170 1452 2199 CaP·
1466 2176 1501 2197 30-

333 2217 341 2228 ·
355 2214 414 2243 Cap.
430 2213 463 2235 18,
627 2219 636 2229 ³
648 2215 707 2244 Cap.
721 2221 757 2237 21.
1045 2217 1053 2228 ⁰
1066 2213 1125 2243 Cap.
1140 2212 1175 2234 26.
1371 2211 1380 2225 ’Ἰ
1394 2211 1453 2240 Cap.
1466 2216 1501 2238 31.

833 2378 970 2427 ἨὸἷζοΓΑ
978 2390 1012 2416 ῨΧ

824 2426 841 2455 -·
1002 2421 1039 2470 ’ξ
