1850 2692
226 287 291 318 242

702 271 780 305 Vita
798 270 915 306 Sancti
935 269 1111 306 Columbae.

1447 278 1518 315 [Lm.
1530 286 1568 305 111.

286 370 441 402 Obsecroh
456 379 507 400 eos
522 368 698 408 quicunque
710 365 865 397 voluerint
884 365 940 395 hos
956 364 1126 395 describere
1141 363 1271 400 libellos,
1293 363 1388 393 immo
1403 364 1506 403 potius
1521 364 1574 393 ad-

219 423 291 462 juro
305 433 360 462 per
375 420 542 452 Christum.
555 419 693 459 judicem
710 417 902 453 saeculorum,
926 420 962 446 ut
983 420 1149 456 postquam
1165 415 1331 455 diligenter
1346 414 1571 454 descripserint,

223 473 389 509 conferant,
407 477 439 502 et
454 471 618 502 emendent
632 480 703 500 eum
717 468 801 499 omni
815 467 985 508 diligentia,
1002 467 1042 497 ad
1057 466 1212 507 exemplar
1226 466 1308 497 unde
1324 469 1529 500 ⁹caraxerunt‚
1542 469 1573 495 et

223 527 302 558 hanc
315 535 439 566 quoque
450 523 674 564 adjurationem
689 522 747 552 hoc
759 520 791 550 in
806 520 873 551 loco
889 519 1093 550 subscribant.

309 595 519 636 ¹⁰Quicmzque³
534 595 587 624 llos
602 595 741 623 virtutum
758 591 867 622 libellos
886 591 1031 620 Columbae
1046 592 1160 631 leyerit,
1175 601 1230 630 pro
1247 601 1291 620 me
1305 591 1489 621 Dorhbeneok

331 648 494 678 Dominum
509 646 692 685 deprecetur,
711 647 743 673 ut
759 643 849 671 vitam
863 646 932 681 post
946 645 1065 679 mortem
1081 645 1220 671 (eternam
1237 642 1440 680 ”possideam

552 732 561 745 ’ὁ
572 731 695 751 eraserunt
706 727 735 749 A.
770 728 889 748 traxerunt
900 725 965 754 Colg.
978 725 1037 747 Boll.

257 806 267 819 ¹¹
283 802 493 827 obsecra—This
504 801 649 832 adjuration
661 807 739 823 seems
751 802 779 822 to
789 799 820 822 be
836 806 877 821 co-

227 845 284 876 pied
303 845 368 867 from
388 843 431 867 the
451 844 583 874 σημεῖωσις
604 845 631 865 to
654 842 785 864 Irenaeus's
807 839 877 862 work

229 887 289 917 Περὶ
302 884 444 916 Ὀγδοάόος,
467 884 546 907 which
563 883 584 906 is
604 881 738 913 preserved
756 881 788 912 by
800 880 878 903 Euse—

228 927 281 950 bius
296 926 377 956 (Hist.
389 925 457 949 Eccl.
471 933 493 947 v.
509 925 565 955 20):
584 924 686 953 Ὁρκίζω
702 931 727 945 σε
744 923 790 945 τὸν
803 930 878 952 μετα-

229 967 392 998 γραψόμενον
405 968 432 990 τὸ
444 966 549 996 βιβλίον
561 967 643 991 τοῦτο,
656 972 719 987 κατα
736 963 779 986 τοῦ
793 962 878 992 κυρίου

230 1009 300 1038 ἡμῶν
320 1007 403 1036 Ἰησοῦ
427 1007 543 1036 Χριστοῦ,
565 1006 605 1028 καί
625 1006 689 1028 κατὰ
712 1006 758 1032 τῆς
777 1002 879 1029 ἐνδόξου

230 1049 370 1079 παρουσίας
382 1048 460 1071 ‹iures›
474 1046 503 1075 ἧς
516 1047 617 1077 ἔρχεται
634 1047 719 1076 κρῖναι
731 1045 828 1071 ζῶντας
840 1044 880 1066 καὶ

230 1090 338 1119 νεκροὺς,
352 1088 396 1112 'iva
410 1087 552 1118 ἁντιβάλῃς
565 1088 578 1110 ’ὁ
596 1085 751 1117 μετεγράψω,
764 1086 804 1108 καὶ
822 1093 879 1108 κατ-

230 1132 341 1161 ορθώσῃς
357 1131 419 1154 dvi-o
431 1121 496 1159 apog
508 1131 536 1152 τὸ
549 1129 709 1159 ἀντίγραφον
722 1128 804 1154 τοῦτο,
823 1127 881 1150 ὅθεν

231 1172 379 1203 μετεγρὰῲω
399 1171 531 1202 ἐπιμελῶς·
556 1171 596 1193 καὶ
621 1170 666 1193 τόν
690 1169 765 1199 ὅρκον
790 1169 882 1191 τοῦτον

232 1213 322 1243 ὁμοίως
347 1211 520 1244 μεταγράψῃς,
543 1212 583 1234 καὶ
604 1210 688 1239 &hang
709 1210 736 1232 ἐν
756 1210 791 1239 τῷ
812 1209 881 1232 ἀντ-ι-

232 1254 325 1284 γράφῳ.
360 1253 419 1281 (Ed.
434 1252 556 1281 Reading,
567 1250 688 1274 Cantabr.
704 1258 768 1279 1720,
781 1257 804 1280 p.
816 1249 882 1279 238.)

234 1294 322 1317 Which
341 1294 444 1317 Rufinus
462 1293 520 1315 thus
540 1291 691 1315 translates:
718 1294 731 1304 ‘¹
743 1290 840 1321 Adjuro
857 1293 882 1312 te

232 1336 274 1366 qui
291 1334 485 1364 transcripseris
508 1333 598 1356 librum
616 1333 682 1355 hunc
698 1339 742 1363 per
758 1331 883 1354 dominum

232 1379 345 1399 nostrum
356 1376 441 1399 Jesum
454 1374 589 1401 Christum,
604 1377 629 1396 et
645 1373 778 1396 adventum
790 1372 843 1402 ejus
858 1371 883 1394 in

233 1419 315 1449 gloria
328 1426 382 1441 cum
392 1418 474 1440 veniet
483 1417 599 1447 judicare
612 1416 681 1439 vivos
691 1418 715 1438 et
726 1417 845 1441 mortuos,
856 1417 884 1437 ut

234 1459 348 1482 conferas
360 1458 413 1481 haec
423 1465 477 1488 quae
490 1457 587 1484 scribis,
595 1459 621 1479 et
629 1455 743 1478 emendes
752 1455 885 1485 diligenter

235 1501 268 1524 ad
293 1499 448 1530 exemplaria
476 1498 506 1521 de
529 1497 617 1528 quibus
639 1496 830 1526 transcripseris
853 1495 885 1518 ad

235 1541 316 1564 fidem.
350 1540 383 1563 Et
395 1542 424 1562 ut
436 1542 618 1562 sacramentum
631 1536 796 1567 adjurationis
812 1536 885 1566 hujus

236 1581 352 1604 similiter
360 1579 525 1606 transcribas,
541 1581 566 1601 et
575 1578 672 1601 inseras
684 1577 721 1599 his
734 1585 788 1607 quae
803 1580 886 1599 trans-

237 1620 494 1653 scripsisti-Enseu.
516 1619 620 1649 Pamph.
640 1618 729 1641 Rufino
743 1618 825 1648 Aquil.
846 1617 886 1640 In-

237 1665 332 1694 terpr.'‘
348 1663 482 1693 (Mantuae,
495 1660 575 1690 1479.)
606 1660 642 1683 St.
653 1660 752 1683 Jerome
764 1659 834 1689 gives
845 1659 886 1681 the

238 1705 320 1728 Greek
332 1711 441 1734 passage
459 1702 519 1725 with
539 1709 607 1724 some
624 1700 710 1723 vet-bal
730 1700 885 1727 alterations,

238 1745 287 1769 and
295 1744 423 1775 regulates
436 1743 474 1765 his
484 1742 560 1766 Latin
569 1741 721 1765 translation
729 1744 756 1764 to
765 1741 814 1763 suit
824 1741 887 1763 it.-

240 1787 277 1810 De
287 1786 341 1809 Vir.
361 1785 456 1808 Illustr.
471 1791 490 1806 c.
504 1791 541 1813 35.
570 1783 648 1813 (Opp.
667 1784 726 1805 tom.
740 1782 764 1804 ii.
778 1781 822 1804 col.
836 1781 887 1809 860,

240 1828 331 1851 Veron.
344 1826 422 1855 1735.)
441 1825 496 1848 The
504 1823 616 1854 inspired
626 1823 712 1846 writer
721 1822 811 1853 speaks
821 1830 889 1845 more

239 1866 426 1899 peremptorssy,
438 1866 499 1889 Rev.
511 1865 569 1888 xxii.
579 1865 614 1892 18,
626 1872 652 1895 19
662 1873 667 1891 ;
682 1864 762 1886 where
771 1870 812 1886 see
819 1863 889 1886 Wet-

241 1909 326 1933 stein’s
338 1911 396 1931 note
408 1908 451 1937 (N.
466 1907 496 1930 T.
509 1909 568 1929 tom.
581 1906 605 1929 ii.
620 1913 641 1936 p.
655 1905 720 1935 850).

272 1952 277 1966 ἰ
294 1948 508 1979 Quicunque—It:
526 1954 578 1970 was
596 1947 639 1970 the
659 1949 756 1969 custom
778 1946 806 1969 of
824 1945 891 1969 Irish

242 1991 337 2014 scribes
349 1994 376 2013 to
388 1988 485 2020 append
496 1988 562 2011 their
573 1994 654 2013 name,
668 1987 727 2009 with
740 1994 755 2009 a
771 1986 841 2009 short
853 1993 890 2009 so-

242 2032 374 2059 licitati0n‚
386 2033 413 2054 at
431 2030 472 2053 the
489 2029 536 2052 end
548 2029 575 2052 of
584 2028 649 2052 their
661 2028 745 2051 books.
782 2028 852 2051 Thus
866 2028 892 2050 in

243 2075 284 2097 the
298 2072 367 2096 Book
380 2072 407 2095 os
420 2071 477 2094 Mac
490 2070 569 2100 Regol
581 2070 652 2094 there
664 2069 684 2092 is
696 2069 738 2092 the
755 2068 889 2099 colophon:

246 2116 384 2144 Quicunque
397 2113 480 2144 Ieyerit
491 2117 513 2135 ec
529 2111 675 2141 intelleyewt
687 2111 755 2133 istam
771 2111 892 2133 narracio-

244 2165 293 2179 nem
309 2159 362 2178 orat
371 2162 417 2185 pro
429 2153 488 2176 Mac
500 2152 591 2182 Reyuil
606 2151 726 2182 scriptori.
753 2151 889 2180 (O'Conor,

246 2198 304 2221 Iter.
324 2196 382 2220 Hib.
403 2195 446 2218 SS.
464 2194 512 2217 Lit.
531 2194 673 2223 Nuncupat.
691 2191 738 2215 vol.
753 2191 767 2214 i.
786 2199 809 2222 p.
824 2193 891 2222 230.)

1102 727 1121 740 10
1133 726 1149 740 11
1163 733 1203 747 om·
1218 725 1244 747 B¹

928 797 998 821 Thus
1011 798 1064 821 also
1077 799 1101 821 in
1113 798 1155 822 the
1168 798 1239 821 Book
1252 798 1279 821 of
1289 799 1411 829 Armagh,
1425 799 1468 822 the
1484 799 1573 825 scribe,

926 839 981 862 who
992 839 1050 862 died
1060 840 1085 862 in
1098 840 1151 868 845,
1163 842 1190 862 at
1201 839 1244 862 the
1256 839 1303 862 end
1315 839 1342 862 of
1352 840 1451 862 various
1463 840 1576 870 porticus

926 880 954 903 of
967 881 1008 904 the
1026 881 1181 911 manuscript
1198 880 1310 911 appends
1330 880 1381 904 Pro
1399 880 1576 904 Ferdomnacho

927 930 986 945 ores
1021 921 1084 952 (Fol.
1095 922 1122 950 67
1133 921 1169 949 bb,
1192 922 1220 951 89
1230 921 1266 947 ab,
1285 929 1374 950 214aa‚
1396 922 1494 951 moab.)
1528 922 1578 945 But

927 962 970 985 the
981 966 1045 985 most
1057 962 1214 985 remarkable
1232 962 1400 992 subscription
1415 962 1440 984 in
1453 970 1500 993 any
1514 963 1578 985 Irish

928 1005 983 1029 MS.
998 1006 1018 1028 is
1025 1006 1082 1029 that
1092 1005 1119 1028 of
1128 1005 1169 1028 the
1182 1005 1252 1028 Book
1265 1004 1292 1027 of
1300 1005 1422 1028 Durrow:
1442 1005 1511 1035 Royo
1524 1005 1578 1027 bea-

929 1047 1052 1070 titudinem
1067 1051 1129 1070 tuam
1142 1051 1221 1069 sancte
1235 1046 1361 1077 proesbiler
1373 1045 1467 1068 Patrici
1485 1050 1510 1068 ut
1527 1047 1577 1076 qui-

929 1096 1024 1118 cumque
1044 1087 1103 1110 huuc
1124 1087 1226 1111 libellum
1243 1095 1310 1110 mauu
1330 1087 1432 1110 tenuerit
1451 1088 1579 1109 meminerit

933 1129 1060 1152 Columbae
1071 1129 1197 1159 scriptoris
1204 1128 1244 1158 qui
1257 1127 1300 1150 hoc
1310 1128 1410 1158 scripsi.
1422 1145 1427 1150 .
1436 1145 1442 1150 .
1453 1131 1497 1150 met
1509 1135 1579 1150 euan-

929 1169 1066 1201 9eliumper
1075 1170 1111 1192 xii
1123 1169 1212 1192 dierum
1224 1169 1332 1199 spatizmz.
1366 1167 1450 1191 Below
1460 1168 1545 1195 which,
1555 1168 1579 1190 in

931 1219 946 1234 a
959 1218 1028 1233 more
1041 1210 1154 1240 angular,
1171 1210 1215 1232 but
1230 1212 1273 1232 not
1290 1209 1364 1236 later,
1377 1208 1452 1235 hand,
1473 1208 1577 1234 follows,

935 1252 985 1275 Ora
996 1260 1042 1282 pro
1050 1251 1170 1282 mefrater
1182 1251 1213 1273 mi
1219 1250 1339 1274 Dominus
1352 1254 1425 1273 tecum
1437 1251 1475 1273 sit.
1503 1251 1547 1279 (A.
1557 1258 1578 1277 4.

932 1300 953 1321 5,
968 1293 1039 1315 Trin.
1051 1291 1113 1315 Coll.
1125 1291 1206 1318 Dub1.‚
1221 1291 1264 1314 fol.
1276 1299 1302 1313 12
1312 1291 1348 1318 hb,
1362 1295 1424 1314 recte
1435 1291 1523 1320 237bl1,
1538 1291 1580 1313 the

932 1332 984 1355 leaf
991 1332 1083 1362 having
1091 1331 1153 1354 been
1161 1330 1296 1361 misplaced
1307 1331 1331 1353 in
1340 1331 1462 1361 binding.)
1488 1331 1537 1354 For
1549 1338 1581 1353 an

933 1376 1038 1396 account
1047 1373 1128 1396 ofthis
1134 1372 1187 1395 MS.
1197 1379 1237 1395 see
1246 1380 1270 1403 p.
1278 1379 1329 1402 327,
1338 1372 1410 1403 iufra.
1428 1372 1582 1395 Adamnan's

933 1418 1009 1442 tract,
1022 1414 1064 1438 De
1075 1413 1147 1437 Locis
1161 1414 1259 1441 Sanctis,
1276 1413 1337 1436 ends
1354 1414 1426 1436 thus:
1446 1413 1582 1437 “Obsecro

933 1455 1018 1485 itaque
1030 1462 1072 1478 eos
1090 1455 1237 1485 quicumque
1254 1454 1343 1477 breves
1355 1454 1463 1485 legerint
1474 1454 1580 1480 libellos,

934 1499 961 1518 ut
970 1503 1015 1526 pro
1024 1495 1110 1518 eodem
1121 1499 1209 1518 saneto
1219 1495 1349 1518 sacerdote
1360 1495 1461 1518 Arculfo
1474 1495 1583 1518 divinam

934 1540 1068 1567 precentur
1086 1536 1250 1563 clementiam,
1270 1536 1311 1566 qui
1323 1536 1375 1559 haec
1387 1535 1417 1558 de
1429 1536 1523 1559 sanctis
1540 1543 1583 1559 ex-

934 1577 1073 1608 perimenta
1092 1577 1152 1600 loeis
1172 1584 1257 1599 eorum
1278 1576 1452 1607 frequentator
1471 1576 1582 1600 libentis-

935 1618 995 1640 sime
1014 1617 1085 1640 nobis
1107 1618 1221 1640 dictavit.
1256 1617 1318 1645 Quae
1336 1620 1361 1640 et
1380 1624 1427 1648 ego
1448 1617 1584 1647 quamlibet

935 1660 1000 1682 inter
1016 1659 1153 1682 laboriosas
1171 1662 1197 1681 et.
1215 1666 1292 1689 prope
1308 1658 1512 1681 insustentabiles
1529 1662 1585 1682 tota

936 1701 974 1724 die
987 1701 1094 1732 undique
1112 1701 1277 1731 conglobatas
1294 1700 1479 1723 ecclesiasticas
1495 1700 1584 1724 sollici-

936 1742 1035 1765 tudines
1054 1742 1213 1769 constitutus¹
1233 1740 1275 1763 vili
1288 1740 1401 1771 quamvis
1416 1747 1527 1763 sermone
1543 1741 1585 1763 de-

937 1783 1047 1806 scribens
1060 1782 1197 1805 declaravi.
1232 1781 1327 1804 Horum
1339 1788 1399 1811 ergo
1411 1780 1530 1804 lectorem
1542 1782 1585 1805 ad-

938 1831 1008 1846 mone
1035 1823 1269 1854 experimentorum,
1296 1825 1325 1845 ut
1350 1829 1396 1852 pro
1425 1829 1463 1844 me
1491 1823 1585 1845 misello

937 1868 1070 1896 peccatore
1086 1864 1219 1887 eorundem
1236 1867 1371 1886 craxatore
1383 1863 1511 1886 Christum
1520 1863 1585 1893 judi-

938 1914 991 1929 cem
1009 1905 1148 1928 seculorum
1164 1911 1269 1927 exorare
1288 1911 1336 1926 non
1355 1903 1586 1934 neglegat.”-Ma-

938 1946 1022 1973 hillen,
1038 1947 1094 1969 Act.
1107 1946 1148 1969 SS.
1161 1945 1222 1968 Ord.
1236 1944 1328 1967 Bened.
1347 1951 1403 1967 saec.
1416 1944 1448 1966 iii.
1465 1949 1500 1975 pt.
1521 1945 1544 1967 ii.
1563 1953 1585 1975 p.

938 1995 983 2017 472
998 1987 1095 2018 (Venet.
1108 1986 1183 2016 ¹734)-

971 2029 980 2043 k
992 2026 1223 2051 Dorbbeneo.-His
1236 2025 1288 2048 obit
1299 2025 1320 2048 is
1334 2025 1456 2048 recorded
1465 2025 1497 2056 by
1507 2026 1587 2056 Tigh-

939 2068 1031 2092 ernach
1049 2071 1076 2091 at
1094 2067 1228 2097 713.—-See
1244 2066 1378 2090 Chronicon
1390 2066 1481 2089 Hiense
1498 2067 1522 2089 in
1534 2067 1588 2097 Ap-

938 2109 1035 2140 pendiz.
1065 2108 1119 2131 The
1131 2110 1232 2138 present
1247 2107 1367 2137 colophon
1378 2106 1481 2129 renders
1496 2107 1516 2130 it
1529 2114 1589 2138 very

940 2150 1015 2180 likely
1024 2149 1079 2172 that
1089 2148 1148 2172 Cod.
1159 2149 1188 2171 A.
1201 2148 1220 2170 is
1233 2155 1247 2170 a
1259 2148 1413 2178 manuscript
1430 2147 1457 2170 os
1465 2147 1507 2170 the
1519 2148 1589 2179 early

939 2194 998 2222 part
1013 2190 1040 2213 of
1049 2189 1091 2213 the
1102 2189 1188 2220 eighth
1201 2192 1312 2218 century.
1346 2188 1392 2211 See
1405 2187 1575 2211 Introduction.
