1850 2692
265 299 306 330 88
744 294 819 330 Vita
836 293 954 330 Sancti
974 292 1140 329 Columbae

263 392 383 429 cecidit,
400 403 438 422 ne
452 392 580 422 verbum
605 390 710 421 Sancti
725 390 788 420 ullo
802 390 1002 420 frustraretur
1017 389 1118 420 modo.

1514 305 1578 340 [miz.
1594 313 1610 331 1.

1164 387 1258 420 Unde
1277 388 1310 420 in
1328 388 1436 421 eodem
1454 389 1521 421 loco
1540 396 1611 421 ante

258 443 386 482 januam
403 442 533 473 canabaec
550 453 625 472 crux
647 440 740 471 infixa
755 445 811 476 est,
834 445 866 470 et
887 440 984 470 altera
998 439 1052 470 ubi
1069 440 1202 470 Sanctus
1223 439 1345 475 restitit,
1368 439 1421 470 illo
1442 439 1610 480 expirante,

264 493 403 524 similiter
419 499 520 524 ¹⁰crux
536 493 713 533 ”hodieque
728 492 822 522 infixa
836 491 920 522 stata.

427 636 478 661 lDE
496 641 655 662 ALICUJUS
673 640 808 660 PLEBEII
826 639 1009 661 FAMlLlOLA
1025 639 1140 660 SANCTI
1157 639 1350 660 PROPHETIA
1366 640 1444 660 vnn.

329 711 421 740 Atio
445 721 568 751 qnoque
591 710 637 740 ²in
661 715 808 750 tempore,
836 708 962 748 quidam
985 707 1066 738 inter
1095 713 1212 739 eeteros
1237 709 1276 739 ad
1301 708 1451 740 Sanctum
1476 709 1613 750 plebeius

265 763 350 793 venit
364 763 410 792 ³in
424 762 491 793 loeo
508 762 713 803 hospitantem
727 760 780 800 qui
794 763 804 779 ⁴²
814 759 934 790 Scotice
945 758 1100 789 vocitatur
1115 758 1206 791 Coire
1221 759 1412 795 ⁵Salchain¹²3
1436 771 1528 801 quem
1542 771 1612 791 cum

266 813 397 844 Sanctus
413 813 451 843 ad
467 824 498 844 se
517 823 644 853 vespere
659 811 834 842 venientem
848 809 986 846 vidisset,
1005 809 1081 846 Ubi,
1098 810 1165 847 ⁶ait,
1183 810 1302 842 habitas
1313 811 1330 842 Ρ
1375 811 1433 842 Ille
1444 812 1556 853 inquit,
1574 812 1613 843 In

264 865 387 905 regione
402 876 471 904 quae
487 865 643 896 littoribus
659 863 761 904 stagni
776 862 956 903 ⁷Crogreth¹³
971 867 1018 893 est
1033 863 1238 894 Scontermina
1253 874 1311 904 ego
1326 863 1473 895 inhabito.

787 964 802 979 ¹U
814 969 856 990 que
868 962 894 983 B.

313 1008 317 1022 ¹
329 1007 387 1028 titul,
401 1014 442 1028 om.
456 1007 481 1028 C.
497 1006 526 1027 D.
539 1005 564 1027 F.
578 1005 601 1028 S.
614 1005 673 1027 Bon.
739 1006 747 1019 '2
760 1011 801 1026 om.
815 1003 843 1024 D.

264 1038 343 1059 salcair
355 1038 418 1064 male,
429 1037 492 1065 Colg.
505 1036 562 1058 Bou.
612 1034 622 1049 ⁶
631 1037 704 1064 inquit
712 1036 741 1058 D.

295 1130 303 1138 '⁸
319 1123 519 1147 Canum—The
539 1123 656 1153 meaning
678 1121 799 1146 attached
817 1124 844 1144 to
863 1120 914 1143 this

264 1165 331 1188 word
344 1165 375 1196 by
390 1165 453 1188 {risi}
467 1165 565 1188 writers
578 1172 633 1195 may
644 1164 675 1187 be
687 1162 787 1186 elicited
799 1162 862 1185 from
873 1161 914 1185 the

264 1205 389 1235 following
402 1205 500 1228 curicus
518 1204 645 1234 examples
654 1206 710 1225 :-—“
721 1202 825 1226 Familia
837 1201 914 1233 ipsius

263 1254 311 1270 non
329 1247 416 1270 habuit
436 1246 547 1270 artifices
567 1249 594 1268 et
611 1248 757 1276 operatores
775 1244 855 1266 fortes
873 1242 915 1272 qui

264 1291 365 1318 possent
378 1288 460 1310 facere
473 1287 594 1310 canabam
607 1286 638 1310 ad
651 1286 733 1316 spicas
747 1284 877 1308 siccandas
890 1286 915 1306 et

263 1329 428 1356 triturandas,
445 1329 488 1351 sed
506 1335 579 1359 super
596 1327 688 1350 nudum
706 1326 875 1357 pavimentum
891 1326 915 1347 in

264 1378 351 1402 eampo
369 1370 633 1394 triturabant.”—Vit.
647 1370 671 1392 S.
685 1368 820 1396 Kannechi,
840 1376 859 1390 e.
877 1374 913 1396 33.

264 1413 300 1442 (p.
312 1419 347 1439 20,
361 1411 406 1434 Ed.
419 1411 563 1440 Ormonde.)
603 1413 617 1423 ‘⁵
627 1409 741 1437 Quodam
760 1409 799 1431 die
816 1416 871 1431 cum
890 1409 913 1431 S.

266 1453 391 1476 Kiaranus
408 1452 433 1475 iu
450 1451 504 1474 loco
521 1451 563 1482 qui
580 1450 674 1473 dieitur
689 1450 778 1473 Cluain
796 1449 914 1480 Inusythe

266 1494 309 1523 [on
325 1494 366 1517 the
385 1493 513 1523 Shannon]
534 1492 597 1515 vidit
615 1492 699 1515 navim
718 1498 793 1522 super
813 1490 913 1513 fluvium

264 1535 379 1565 positam,
388 1537 414 1557 et
424 1533 486 1556 vidit
496 1533 610 1556 zabulum
622 1540 696 1564 super
707 1532 786 1563 ripam
797 1531 911 1557 fluminis,

264 1579 288 1598 et
301 1578 357 1598 erat
369 1575 394 1598 in
404 1582 433 1597 eo
444 1577 502 1597 rota
514 1574 544 1597 de
556 1573 636 1604 virgis
649 1575 769 1596 contexta.
780 1572 853 1602 plena
865 1571 913 1602 spi-

265 1618 300 1640 cis
317 1617 369 1648 igni
387 1616 524 1647 supposita,
535 1618 564 1638 ut
581 1615 736 1638 siccarentur
750 1614 782 1637 ad
794 1613 914 1636 trituran-

264 1659 322 1682 dum
340 1658 474 1681 secundum
491 1664 584 1680 morem
601 1655 800 1681 occidentalium,
821 1654 848 1677 id
864 1658 911 1681 est,

265 1701 386 1724 Britanice
404 1703 430 1723 et
446 1699 586 1730 Hyberniae.
621 1698 655 1721 Et
672 1697 737 1721 dixit
749 1697 773 1720 S.
788 1697 913 1720 Kiaranus

264 1743 409 1774 prophetice
426 1743 499 1765 sociis
516 1742 567 1765 suis
585 1743 689 1769 secrete,
708 1740 755 1763 Illa.
770 1739 842 1763 navis
859 1747 914 1769 quae

265 1789 303 1809 nst
316 1792 390 1815 super
402 1791 480 1815 aquas
492 1783 564 1807 hodie
577 1783 745 1809 comburetur,
760 1785 785 1805 et
798 1781 913 1804 zabulum

265 1826 331 1856 quod
342 1829 381 1848 est
393 1832 468 1855 super
479 1828 574 1847 terram
585 1826 721 1854 mergetur.
749 1823 801 1846 Illis
814 1825 912 1846 contra-

266 1866 406 1890 dicentibus
423 1869 449 1889 et
465 1864 656 1892 admirantibus,
671 1864 707 1888 ait
722 1864 765 1892 eis,
780 1866 913 1894 expectate

265 1908 395 1933 modicum.
414 1910 440 1930 et
457 1906 574 1929 videbitis
594 1905 671 1929 oculis
689 1905 796 1928 vestris:
815 1908 840 1927 et
857 1904 914 1927 ilico

264 1949 307 1971 illa
318 1947 433 1971 navicula
445 1947 474 1969 de
487 1953 552 1977 aqua
563 1952 637 1977 super
649 1948 743 1968 terram
755 1945 853 1967 elevata
864 1947 911 1970 est,

264 1993 290 2013 ot
302 1989 384 2020 posita
395 1988 420 2011 in
437 1987 558 2010 canabam
569 1990 598 2010 ut
609 1986 678 2009 rimae
689 1989 715 2009 et
727 1985 847 2009 fracturae
858 1985 913 2015 ejus

263 2030 298 2052 ibi
317 2029 535 2059 conjungerentur.
570 2027 604 2051 Et
615 2034 720 2050 accenso
735 2033 798 2057 rogo
813 2025 857 2049 illa.
873 2033 913 2049 ca-

264 2071 330 2094 naba
341 2070 472 2093 combusta
483 2072 529 2097 est,
538 2071 565 2092 et
575 2068 646 2091 navis
657 2068 682 2090 in
692 2067 771 2090 medio
783 2068 836 2097 ejus
848 2066 914 2089 simi-

263 2113 322 2135 liter
334 2110 464 2134 combusta
474 2113 525 2136 est3
539 2112 565 2132 et
577 2108 691 2132 zabulum
703 2111 787 2131 autem
799 2109 914 2130 eruentes

265 2154 312 2176 viri
329 2152 408 2175 foi-tes
421 2159 435 2175 a
446 2154 516 2174 terra
533 2150 694 2181 projecerunt
711 2148 771 2172 illud
781 2148 811 2171 de
822 2148 878 2179 ripa
889 2148 914 2171 in

266 2195 362 2221 flumen,
381 2197 407 2215 ot
424 2192 458 2215 ibi
478 2199 585 2214 mersum
602 2190 746 2214 est.''-Vit.
761 2190 785 2212 S.
802 2189 913 2217 Kiarani,

909 1003 938 1016 ³⁷⁵
950 1010 990 1024 om.
1004 1002 1029 1024 C.
1044 1003 1072 1026 D.
1086 1004 1111 1025 F.
1125 1003 1148 1026 S.

791 1036 799 1050 7
810 1041 862 1062 erog
873 1033 922 1055 reth
932 1033 960 1055 A.
989 1034 1105 1056 crochreth
1115 1035 1141 1056 B.
1152 1042 1194 1057 om.
1208 1035 1232 1058 C.
1246 1035 1274 1057 D.
1285 1035 1310 1058 F.
1322 1035 1345 1058 S.

1522 865 1612 895 Illam

963 962 976 977 ¹¹
988 961 1053 983 hodie
1066 961 1093 983 B.

1426 1006 1435 1019 ⁵
1447 1004 1475 1026 A.
1489 1005 1574 1027 salcani
1585 1005 1612 1027 Β.

1395 1037 1404 1050 n
1413 1036 1577 1058 conterminata
1584 1036 1612 1058 D.

1214 1005 1223 1019 ⁴²
1234 1005 1325 1026 scottice
1334 1004 1361 1026 B.

964 1128 984 1143 ο.
1001 1129 1035 1144 12.
1072 1121 1147 1150 (Cod.
1168 1122 1262 1145 Marsh.
1281 1121 1322 1144 fol.
1338 1129 1380 1152 145
1393 1122 1452 1152 ba.)
1486 1123 1532 1146 See
1545 1123 1614 1147 Glos-

963 1170 1025 1192 sary.

994 1204 1004 1218 ²¹
1018 1203 1141 1227 Sum—It
1149 1211 1201 1226 was
1210 1204 1281 1227 usual
1289 1211 1380 1235 among
1387 1204 1429 1227 the
1437 1204 1500 1227 Irisb
1510 1207 1536 1227 to
1543 1204 1613 1227 marli

966 1244 1024 1267 with
1037 1251 1052 1267 a
1067 1251 1136 1267 cross
1152 1244 1194 1267 the
1209 1248 1266 1275 spot
1284 1245 1365 1267 where
1381 1252 1429 1277 any
1447 1244 1614 1275 providential

966 1285 1095 1308 visitation
1105 1285 1165 1308 took
1176 1285 1255 1316 place.
1290 1287 1335 1309 See
1349 1286 1381 1308 iii.
1396 1293 1432 1315 23.
1445 1287 1519 1317 infra.
1545 1286 1613 1308 “Ubi

965 1332 1029 1348 nunc
1041 1333 1118 1356 usque
1134 1333 1196 1348 crux
1211 1326 1318 1349 habetur
1333 1327 1359 1350 in
1371 1327 1490 1357 signum.”
1522 1327 1573 1350 vit.
1588 1328 1612 1350 S.

966 1366 1077 1389 Patricii.
1111 1366 1177 1397 (Lib.
1191 1367 1326 1395 Armacan,
1339 1368 1380 1391 fol.
1395 1376 1428 1398 311
1437 1369 1473 1399 a.)

996 1411 1004 1420 ³
1020 1406 1091 1429 Colre
1097 1406 1310 1430 Salehain.—The
1320 1415 1362 1430 use
1371 1408 1399 1430 of
1405 1408 1447 1431 the
1455 1408 1524 1431 word
1536 1408 1614 1436 Coire,

964 1447 1013 1470 and
1023 1448 1064 1470 the
1076 1448 1220 1478 expression
1230 1448 1327 1471 barbari
1336 1452 1475 1475 vastatores,
1489 1449 1614 1480 referring

963 1487 1085 1519 probably
1097 1492 1123 1511 to
1134 1488 1176 1511 the
1189 1489 1258 1511 Picts
1270 1497 1299 1511 or
1312 1490 1417 1517 Saxons‚
1437 1497 1501 1512 seem
1513 1493 1540 1512 to
1552 1489 1614 1512 indi-

964 1532 1020 1552 cate
1037 1529 1156 1552 scotland
1173 1537 1200 1552 as
1217 1530 1259 1552 the
1277 1537 1350 1553 scene
1367 1531 1395 1553 of
1409 1531 1459 1554 this
1476 1531 1613 1554 narrative.

965 1570 1019 1593 The
1029 1573 1094 1593 term
1102 1571 1183 1598 Coire,
1195 1578 1222 1594 so
1230 1578 1342 1594 common
1349 1572 1373 1594 in
1382 1572 1423 1595 the
1433 1572 1523 1595 Seoteh
1534 1573 1613 1603 High-

962 1611 1035 1634 lands
1052 1615 1079 1635 to
1097 1611 1227 1643 designate
1244 1620 1259 1635 a
1276 1612 1366 1636 hollow
1385 1620 1413 1636 or
1431 1613 1470 1636 cul
1486 1613 1514 1637 de
1532 1622 1572 1637 suc
1589 1614 1614 1636 in

963 1652 1006 1674 the
1022 1652 1173 1678 mountainS,
1191 1652 1212 1675 is
1230 1653 1343 1684 scarcely
1360 1653 1450 1676 known
1467 1654 1491 1676 in
1505 1654 1612 1677 Ireland.

965 1693 1081 1716 Salchain
1090 1701 1147 1725 may
1156 1693 1186 1716 be
1197 1694 1271 1717 Salen
1284 1702 1314 1717 on
1326 1695 1368 1718 the
1380 1698 1435 1718 east
1445 1695 1497 1718 side
1507 1695 1535 1719 of
1542 1696 1612 1723 Muli,

963 1742 1023 1758 near
1032 1735 1110 1758 which
1118 1735 1139 1758 is
1147 1742 1162 1758 a
1170 1735 1256 1766 chapel
1267 1735 1347 1759 called
1357 1736 1507 1759 Collumhill.
1531 1737 1614 1760 There

963 1776 983 1799 is
996 1784 1011 1799 a
1024 1776 1155 1799 Salachain
1169 1777 1194 1799 in
1207 1776 1293 1807 Upper
1310 1777 1400 1805 Lorne,
1416 1778 1529 1801 between
1547 1778 1614 1801 Loch

963 1817 1073 1840 Creeran
1083 1817 1131 1840 and
1140 1817 1208 1840 Loch
1219 1817 1309 1848 Appin.
1345 1818 1476 1842 Sallachan
1485 1819 1547 1849 Bay,
1561 1819 1614 1842 Sal-

963 1857 1116 1884 lacban-isoh
1129 1857 1261 1881 Sallachan
1270 1858 1350 1887 Point,
1359 1859 1408 1882 and
1415 1859 1614 1888 &flachan-ard,

963 1905 1006 1921 are
1019 1898 1129 1921 situated
1144 1905 1175 1921 on
1190 1898 1233 1921 the
1249 1902 1312 1922 west
1328 1899 1380 1922 side
1397 1899 1425 1922 of
1438 1899 1480 1922 the
1495 1902 1614 1923 entrance

963 1939 991 1961 of
1001 1939 1069 1962 Loch
1081 1938 1127 1961 Eil.
1157 1939 1240 1962 There
1252 1939 1273 1962 is
1285 1947 1300 1962 a
1311 1939 1443 1963 Sallachan
1452 1940 1477 1963 in
1487 1940 1613 1968 Morveru,

963 1980 1076 2011 opposite
1092 1980 1172 2006 Aros;
1195 1980 1245 2003 and
1261 1988 1277 2003 a
1293 1980 1357 2004 Glen
1375 1980 1508 2004 Sallachan
1525 1989 1556 2004 on
1572 1982 1615 2004 the

963 2022 1106 2045 south-east
1123 2021 1151 2044 of
1165 2021 1232 2044 Loch
1252 2021 1369 2049 Crceran,
1393 2022 1507 2053 opposite
1526 2022 1612 2045 Airds.

964 2063 1064 2093 Among
1083 2062 1153 2085 these
1171 2062 1220 2085 and
1240 2062 1312 2086 other
1333 2062 1418 2093 places
1438 2063 1465 2085 of
1481 2063 1524 2086 the
1546 2071 1614 2086 samo

963 2111 1035 2127 name
1047 2103 1101 2126 itis
1117 2103 1222 2127 diffienlt
1239 2106 1265 2126 to
1278 2103 1310 2127 fix
1327 2104 1369 2127 the
1385 2111 1457 2127 scene
1469 2104 1497 2127 of
1505 2105 1547 2128 the
1559 2113 1613 2136 pre-

964 2148 1020 2168 sent
1031 2143 1168 2168 interview.

995 2188 1005 2201 *³
1023 2186 1111 2217 Stayni
1131 2185 1253 2216 Croyreth.
1265 2186 1356 2209 ——Not
1383 2186 1518 2210 identified.
1554 2187 1613 2210 Pro-
