1850 2692
221 323 282 342 cip,
300 323 313 340 z
327 314 338 351 ]
714 303 743 335 A
754 309 858 337 actore
875 302 1097 336 Adamnano.
1526 315 1541 336 2
1554 316 1562 336 1

223 400 337 440 cipiens
359 399 439 430 inter
459 403 583 429 caeteros
607 398 787 428 adnumeres
811 397 984 428 monachos.
1040 396 1100 428 Sed
1118 396 1176 427 hoe
1198 396 1226 427 ei
1245 396 1277 426 in
1300 396 1359 427 Dei
1382 397 1571 437 praescientia

222 451 472 492 proedestinatum
495 462 556 481 non
574 455 622 481 est
644 456 679 480 ut
701 450 765 490 ipse
780 449 934 489 *salieujus
950 449 1093 479 ”abbatis
1115 447 1282 478 monachus
1304 448 1424 479 ⁴³fieret¹
1436 460 1444 483 3
1468 449 1521 478 sed
1536 454 1572 478 ut

223 504 440 534 monachorum
455 504 556 539 abbas,
579 507 610 533 et
625 502 793 532 animarum
816 501 879 531 dux
895 501 934 531 ad
954 500 1075 531 coeleste
1090 511 1230 540 regnum,
1249 499 1320 529 olim
1336 499 1451 530 electus
1471 511 1489 530 a
1505 500 1572 530 Deo

223 560 280 585 est.
324 554 449 585 ⁴¹⁹Noles
463 554 568 594 itaque
583 554 665 584 hunc
680 557 881 583 memoratum
898 552 998 582 virum
1013 552 1043 581 in
1057 552 1103 582 his
1115 551 1226 582 nostris
1241 551 1322 591 apud
1339 556 1370 582 te
1386 551 1515 581 retinere
1528 551 1573 581 in-

224 606 322 641 sulisk‚
340 617 378 636 ne
402 612 434 636 et
454 606 515 637 Dei
530 606 682 637 voluntati
699 605 848 636 contraire
863 604 1012 635 videaris:
1038 604 1101 639 sed,
1123 604 1187 634 haec
1207 603 1235 634 ei
1249 603 1394 634 intimans
1410 604 1512 639 verba,
1534 603 1573 633 ad

227 657 361 688 Scotiam
376 657 407 687 in
423 668 496 698 pace
511 657 659 693 remittas,
680 663 717 687 ut
731 657 763 687 in
780 655 999 697 Laginensium
1015 655 1122 686 vicinis
1138 655 1213 685 mari
1228 655 1339 685 finibus
1355 655 1573 685 monasterium

224 709 398 743 construat¹‚
426 713 458 738 et.
475 707 589 738 ibidem
605 707 722 739 Christi
737 707 884 738 ⁵⁰ovinum
900 716 1025 746 pascens
1040 717 1177 747 gregem,
1201 706 1375 737 innumeras
1390 706 1428 736 ad
1445 707 1573 746 patriam

271 816 291 832 ⁴⁶
299 817 328 838 sit
339 817 390 838 add.
404 816 426 839 S,
476 818 494 833 ⁴⁷
503 824 544 839 nm.
559 816 585 838 C.
595 817 618 838 F.
630 816 652 838 S.
717 817 735 831 ⁴3
747 823 788 838 om.
802 815 823 838 S.

225 906 270 927 606
283 905 304 932 b,
318 912 339 927 n.
355 912 381 934 33
402 905 445 928 Tr.
460 905 507 928 Th.
522 912 544 935 p.
560 912 602 934 373
616 904 635 932 b,
648 912 670 926 n.
686 905 734 934 23.)
770 903 816 926 His
834 903 875 926 de-

225 949 296 969 scent
316 946 337 968 is
357 946 414 969 thus
433 946 508 976 given
527 945 551 968 in
574 945 615 968 the
638 945 701 968 book
719 944 747 967 of
762 945 874 967 Leacan:

225 987 331 1010 murmu
355 986 411 1016 (3151
441 987 547 1010 munim
576 993 636 1009 moe
664 985 795 1009 Culcham
824 992 875 1008 nuc

226 1027 319 1057 Cpeno
331 1035 383 1050 mie
399 1025 475 1057 Oesso
493 1034 544 1050 nno
562 1028 655 1050 moun]
677 1027 702 1057 [a
714 1035 759 1056 quo
772 1025 877 1049 Moe-U-

226 1068 291 1091 Moie
300 1068 323 1098 Ρ]
343 1075 395 1091 nnc
411 1068 499 1092 Saeuo]
523 1075 574 1091 mie
593 1067 734 1098 Femhnnz')
754 1067 876 1090 Reoccno

226 1116 277 1132 nnc
290 1109 404 1133 ζυοὲοιὶ
422 1109 574 1138 Ceocmoip.
610 1108 681 1130 With
694 1107 771 1131 which
787 1115 876 1137 agrees

226 1150 268 1173 the
280 1149 398 1180 pedigree
415 1149 525 1180 prefixed
543 1152 569 1171 to
586 1149 628 1171 the
647 1148 700 1171 Life
717 1148 741 1170 in
759 1148 800 1170 the
813 1147 874 1170 Cod.

227 1191 321 1214 Marsh.
354 1190 405 1213 But
425 1190 449 1212 in
467 1190 526 1213 both
546 1190 616 1212 there
635 1190 655 1211 is
674 1197 688 1212 a
705 1189 790 1211 chasm
807 1188 835 1211 of
849 1191 876 1211 at

226 1231 290 1254 least
297 1231 387 1254 twelve
396 1231 564 1261 generations,
576 1230 614 1253 for
623 1229 775 1252 Fedhlimidh
784 1229 876 1252 Recht-

226 1278 280 1294 mar
288 1279 338 1294 was
350 1272 416 1301 King
426 1271 453 1294 of
460 1271 558 1294 Ireland
569 1271 593 1293 in
607 1271 656 1299 164,
670 1270 779 1292 whereas
789 1270 876 1292 Couan

227 1312 334 1338 Galbam,
349 1312 402 1334 who
416 1319 465 1334 was
478 1311 540 1334 slaiu
553 1312 577 1334 in
589 1312 641 1340 464,
660 1319 710 1334 was
722 1311 787 1334 tenth
799 1311 823 1333 iu
836 1311 876 1334 de-

227 1359 297 1377 scent
314 1354 377 1377 from
394 1354 451 1381 him,
469 1353 516 1376 and
536 1354 559 1377 S.
574 1353 694 1376 Coiumba
709 1352 794 1376 fourth
814 1352 878 1375 from

228 1395 322 1417 Conall.
357 1394 499 1424 Supposing
513 1394 600 1417 Saeide
610 1398 636 1416 to
648 1394 677 1416 be
689 1401 733 1416 >on
746 1394 773 1416 os
782 1393 878 1420 Conali,

227 1443 263 1458 we
275 1435 337 1458 have
349 1435 477 1458 mater-iuis
490 1438 516 1458 to
533 1434 654 1465 complete
666 1434 708 1457 the
719 1434 776 1457 line.
810 1434 878 1456 Men-

227 1476 311 1499 tionis
324 1476 394 1498 made
411 1476 438 1498 of
449 1475 563 1498 Tulchan
581 1475 629 1498 aud
647 1475 684 1497 his
702 1482 746 1498 son
763 1475 878 1497 Munnius

226 1518 251 1540 in
264 1517 305 1540 the
316 1516 370 1539 Life
382 1516 409 1540 of
419 1517 444 1539 S.
459 1516 589 1543 Cainnech,
602 1523 654 1547 cap.
669 1524 705 1545 24.
731 1515 835 1545 (Edited
846 1515 879 1546 by

228 1557 269 1580 the
297 1557 347 1580 late
370 1557 483 1587 Marquis
507 1557 535 1580 of
551 1557 686 1583 Ormonde,
707 1565 747 1587 pp.
767 1557 816 1580 xiv.
836 1565 878 1586 ¹4³

228 1597 299 1628 Colg.
320 1598 348 1620 A.
367 1598 411 1621 SS.
425 1606 448 1628 p.
462 1598 507 1620 606
520 1597 548 1625 b;
569 1598 613 1620 Tr.
628 1598 675 1621 Th.
688 1606 710 1628 p.
724 1599 769 1627 483
782 1600 816 1626 a.)

275 1637 509 1667 fleret.—F1eming
521 1636 653 1660 concludes
665 1637 729 1659 from
739 1637 788 1660 this
801 1640 868 1660 state

228 1681 296 1701 ment
305 1678 361 1701 that
374 1678 396 1701 S.
411 1678 502 1700 Fintan
514 1685 564 1700 was
576 1678 618 1700 the
626 1677 716 1700 author
726 1677 753 1700 of
762 1685 880 1700 amonas-

228 1719 262 1742 tic
274 1719 334 1741 rule.
369 1718 516 1748 (Collectan.
529 1726 552 1749 p.
564 1725 608 1747 437
624 1719 659 1749 a.)

260 1761 269 1774 ‘-
282 1759 395 1783 Retinere
412 1759 586 1782 insulis-The
603 1763 673 1790 story
686 1759 706 1782 is
724 1759 777 1782 told
794 1766 822 1782 as
836 1759 881 1781 sol·

229 1800 288 1823 lows
306 1800 330 1822 in
347 1800 389 1823 the
403 1800 456 1822 Life
474 1800 502 1823 of
518 1800 541 1823 S.
559 1800 664 1823 Fintan:
685 1800 768 1823 “Post
786 1800 838 1823 haec
857 1800 880 1823 S.

230 1841 323 1863 Munna
334 1841 444 1871 porrexit
462 1840 494 1863 ad
506 1841 611 1864 insulam
624 1841 671 1872 Hy,
689 1845 718 1864 ut
729 1841 763 1864 ibi
778 1841 843 1871 apud
857 1841 881 1864 S.

229 1881 374 1905 Columbam
392 1882 525 1904 monachus
542 1882 621 1905 fieret.
657 1881 705 1905 Sed
723 1882 747 1905 S.
762 1882 883 1905 Columba

229 1927 287 1946 ante
306 1922 439 1945 adventum
459 1923 513 1953 ejus
534 1923 654 1953 migravit
676 1922 708 1945 ad
728 1922 831 1946 coelum:
857 1927 883 1946 et

229 1967 287 1987 ante
308 1963 402 1987 obitum
421 1971 491 1987 suum
511 1964 672 1994 prophetavit
694 1964 723 1986 de
744 1964 768 1987 S.
782 1964 881 1992 Munna,

230 2004 291 2027 talia
304 2005 380 2027 verba
389 2005 473 2027 dicens
481 2005 512 2028 ad
520 2005 621 2028 beatum
631 2005 807 2028 Baitheneum:
822 2005 883 2028 Post

230 2045 324 2068 obitum
342 2053 420 2068 mcum
439 2046 520 2068 veniet
538 2045 570 2068 ad
589 2053 632 2068 vos
648 2046 677 2068 de
690 2045 811 2069 Hibernia
828 2047 880 2076 qui-

231 2084 286 2107 dam
296 2085 403 2114 juvenis,
423 2085 531 2107 moribus
547 2088 657 2112 sanctus,
678 2085 777 2116 ingenio
789 2085 880 2113 clarus,

231 2132 333 2155 corpore
350 2125 447 2155 quidem
465 2125 547 2156 capite
566 2126 672 2156 crispus,
687 2128 712 2148 et
727 2127 798 2156 genis
816 2127 883 2149 rubi-

231 2165 334 2192 cundus,
348 2166 418 2196 cujus
431 2173 517 2189 nomen
529 2170 568 2189 est
580 2167 682 2193 Munna,
697 2174 769 2197 quem
782 2174 847 2198 saepe
859 2168 884 2190 in

231 2210 300 2230 terra
313 2206 371 2234 vidi,
383 2206 425 2229 sed
438 2207 527 2237 saepius
539 2207 704 2238 spiritualiter
713 2208 738 2230 in
747 2208 809 2231 coelo
819 2209 884 2231 inter

889 816 908 831 ⁴⁹
920 815 977 837 nous
990 815 1013 837 F.
1048 816 1113 838 nobis
1126 814 1151 838 C.

1217 816 1236 829 ⁵⁰
1249 816 1327 838 ovium
1341 815 1366 837 C.
1380 815 1443 843 Coig.
1459 815 1515 836 Boll.

924 903 1026 934 angelos
1039 904 1092 927 Dei.
1118 904 1157 927 Ad
1170 904 1216 927 hoc
1228 908 1311 927 autem
1320 904 1373 934 ipse
1384 904 1431 926 huc
1445 904 1534 929 veniet,
1549 907 1574 926 ut

924 944 963 966 hie
986 945 1119 967 monachus
1142 945 1204 971 fiat;
1234 944 1278 967 sed
1300 952 1330 967 ne
1358 944 1486 974 recipiatis
1510 951 1574 969 eum,

925 986 1037 1015 quamvis
1050 985 1153 1008 muitum
1172 985 1219 1008 sibi
1235 985 1374 1015 displiceat.
1410 984 1442 1007 Et
1462 988 1490 1006 tu
1509 983 1577 1006 dices

925 1025 976 1048 illi:
994 1026 1130 1049 Revertere
1151 1026 1184 1048 fili
1205 1026 1236 1048 ad
1257 1026 1411 1052 Hiberniam,
1427 1025 1485 1055 quia
1502 1029 1577 1054 caput

925 1067 1008 1097 magni
1021 1067 1105 1097 popuii
1121 1067 1155 1089 ibi
1171 1067 1228 1089 eris.
1263 1066 1293 1089 Et
1313 1067 1365 1096 ipse
1379 1065 1454 1088 vadat
1472 1065 1503 1088 ad
1521 1073 1576 1087 aus-

925 1107 1016 1130 tralem
1044 1108 1144 1138 plaoam
1180 1107 1365 1137 Laginensium,
1399 1114 1453 1136 quae
1486 1105 1578 1128 dicitur

926 1148 1093 1175 Cennselach3
1113 1148 1170 1178 quia
1188 1147 1220 1170 ibi
1238 1148 1286 1170 erit
1303 1147 1381 1170 honor
1398 1147 1482 1177 ipsiuS,
1500 1149 1526 1169 et
1541 1154 1579 1169 re-

926 1189 1055 1211 surrectio.
1090 1188 1122 1211 Et
1142 1189 1254 1218 quamvis
1274 1195 1329 1210 mea
1348 1187 1479 1218 parrochia
1499 1187 1579 1217 major

925 1232 964 1251 est
976 1229 998 1251 in
1018 1232 1088 1252 terra
1105 1237 1178 1259 quam
1196 1236 1248 1257 sua,
1267 1232 1358 1256 tamen,
1375 1236 1443 1251 meus
1462 1235 1540 1254 amor,
1554 1231 1579 1250 et

926 1277 980 1292 mea
991 1273 1112 1300 potestaS,
1126 1269 1192 1300 apud
1204 1270 1283 1292 Deum
1296 1277 1343 1292 non
1359 1273 1398 1292 est
1415 1270 1494 1298 major
1506 1276 1579 1299 quam

926 1310 1010 1340 ipsius.
1046 1310 1078 1333 Et
1091 1311 1127 1333 ita
1139 1311 1220 1333 omnia
1229 1310 1272 1333 illa
1284 1310 1580 1340 contigerunl.'’--Chap.

928 1357 948 1378 7.
984 1350 1057 1379 (Cod.
1072 1350 1164 1373 Mur-sb.
1178 1350 1220 1373 sol.
1236 1357 1276 1379 127
1291 1350 1336 1376 blm
1355 1350 1459 1380 Coigan,
1476 1349 1520 1372 Tr.
1532 1349 1579 1372 Th.

927 1398 949 1421 p.
962 1391 1006 1419 45¹
1020 1392 1056 1421 α.)
1092 1391 1145 1414 The
1159 1390 1226 1414 third
1239 1391 1320 1413 lesson
1333 1390 1361 1413 of
1371 1391 1412 1412 the
1426 1390 1503 1413 Office
1517 1389 1544 1412 of
1553 1389 1579 1412 S.

928 1431 1042 1460 Blandus,
1055 1432 1080 1454 iu
1097 1432 1138 1455 the
1152 1432 1274 1462 Breviary
1285 1433 1312 1454 of
1323 1431 1462 1457 Aberdeem
1481 1436 1580 1454 contra-

928 1473 993 1495 dicts
1017 1473 1058 1496 the
1081 1472 1171 1496 earlier
1191 1473 1339 1496 authorities
1360 1472 1391 1502 by
1412 1472 1508 1502 stating
1526 1472 1580 1494 that

929 1516 942 1526 ⁴⁴
952 1513 983 1536 ad
996 1522 1084 1544 yonam
1096 1513 1201 1536 insulam
1213 1514 1237 1536 in
1250 1514 1333 1536 scocia
1345 1514 1458 1543 pervenit
1471 1514 1494 1535 in
1507 1520 1555 1543 qua
1567 1521 1581 1535 a

929 1554 1003 1577 beato
1020 1555 1134 1577 columba
1145 1554 1257 1577 habitum
1275 1554 1384 1584 suscepit
1402 1553 1581 1584 religionis*—

931 1595 1017 1625 Propr.
1032 1596 1075 1618 SS.
1092 1595 1160 1618 Part.
1175 1595 1226 1618 Est.
1242 1594 1257 1617 f.
1274 1602 1313 1624 ¹31
1329 1594 1357 1617 bb
1370 1595 1488 1624 (Reprint
1504 1594 1581 1623 1852).

961 1635 1268 1666 lconficruaa-Namely,
1306 1635 1384 1658 Teaclt

933 1679 1031 1701 'House
1054 1678 1082 1700 of
1103 1677 1211 1703 Munna,'
1235 1677 1260 1699 in
1284 1677 1315 1699 Ui
1339 1676 1508 1702 Ceinnselaeh,
1529 1683 1582 1698 now

930 1719 1011 1742 called
1030 1719 1162 1749 Taghmon
1179 1717 1348 1748 (pronounced
1366 1716 1473 1746 Tarmia),
1491 1717 1584 1740 situate

930 1760 1007 1783 about
1020 1767 1094 1782 seven
1106 1758 1175 1781 miles
1190 1762 1251 1781 west
1263 1758 1290 1780 of
1298 1757 1427 1784 Wexford,
1437 1757 1485 1780 and
1497 1757 1584 1788 giving

931 1808 1001 1823 name
1014 1804 1040 1823 to
1057 1807 1073 1822 a
1089 1799 1199 1830 prebend
1217 1799 1241 1820 in
1259 1799 1300 1821 the
1318 1797 1448 1821 cathedra}
1463 1798 1490 1820 of
1499 1797 1583 1820 Ferns.

931 1841 1005 1872 (Ord.
1019 1841 1090 1864 Surv.
1105 1840 1140 1863 Co
1160 1839 1288 1865 Wexford,
1299 1839 1377 1869 s.41.)
1412 1839 1463 1861 Itis
1473 1838 1584 1861 referred

932 1886 959 1906 to
970 1883 995 1905 iu
1008 1882 1049 1905 the
1063 1882 1137 1904 Lives
1150 1881 1177 1904 of
1188 1881 1204 1904 S
1226 1880 1325 1903 Maidoe
1342 1879 1391 1902 aud
1410 1880 1432 1903 S.
1447 1879 1538 1907 Molua,
1557 1888 1585 1902 as

932 1924 974 1946 the
984 1922 1063 1946 abode
1073 1922 1121 1945 and
1134 1921 1300 1952 burial-place
1309 1921 1336 1944 os
1348 1922 1370 1944 S.
1382 1921 1482 1943 Munna.
1517 1920 1585 1950 (Col-

932 1971 989 1993 gan,
1004 1964 1060 1986 Act.
1076 1963 1118 1985 SS.
1132 1970 1154 1993 p.
1170 1969 1212 1984 211
1225 1971 1230 1988 ;
1250 1961 1370 1991 Fleming,
1384 1960 1490 1983 Collect.
1504 1968 1526 1991 p.
1542 1967 1586 1990 379

932 2005 966 2034 a.)
1000 2003 1104 2026 Resides
1125 2003 1174 2026 this
1193 2002 1294 2028 chureh,
1318 2002 1341 2024 S.
1361 2001 1450 2024 Fintan
1469 2008 1496 2023 or
1514 2001 1586 2023 Mun-

933 2054 965 2068 na
977 2053 1027 2068 was
1040 2045 1081 2068 the
1095 2044 1199 2067 founder
1216 2044 1298 2066 osone
1315 2047 1342 2066 at
1356 2042 1491 2065 Ath-caoin
1508 2042 1533 2064 in
1545 2042 1587 2064 the

932 2087 1014 2110 isiand
1034 2086 1061 2109 of
1079 2085 1231 2116 Coimirighi,
1253 2088 1280 2108 at
1309 2084 1510 2110 Achadh-leiece,
1538 2083 1586 2106 and

933 2132 960 2151 at
982 2127 1155 2153 Teach-Telli,
1178 2134 1232 2149 now
1255 2125 1367 2155 Tebelly,
1390 2132 1451 2147 near
1473 2124 1586 2146 Durrow.

934 2168 1005 2198 (cod.
1025 2167 1121 2190 Marsh.
1138 2167 1179 2189 sol.
1202 2173 1243 2194 ¹27
1261 2165 1306 2192 Isb3
1325 2165 1429 2195 Colgan,
1445 2164 1489 2186 Tr.
1504 2163 1550 2186 Th.
1564 2172 1587 2194 p.

935 2216 978 2238 373
992 2209 1012 2235 b.
1031 2216 1053 2231 u.
1074 2216 1117 2236 243
1138 2208 1195 2230 Aet.
1211 2207 1253 2230 SS.
1267 2214 1306 2236 pp.
1324 2213 1348 2234 15
1363 2205 1383 2233 b,
1401 2212 1422 2227 n.
1441 2212 1475 2231 ιο,
1495 2204 1540 2226 606
1553 2206 1587 2234 α.)

1418 1635 1519 1661 Alauna,
1555 1643 1583 1657 or
