1850 2692
240 306 284 346 84
713 304 787 339 Vita
805 304 922 340 Sancti
942 303 1118 340 Columbae.
1473 314 1543 352 [ms.
1567 324 1582 342 ι.

237 399 401 439 quomodo,
422 399 475 430 “si
490 410 544 440 per
559 399 658 430 visum
673 399 766 436 ⁴²tibi,
786 410 825 430 an
843 399 960 435 auditu,
981 410 1019 429 an
1034 399 1104 435 alio,
1122 399 1297 430 hominibus
1311 399 1479 441 incognito,
1496 404 1585 430 ⁴1³ma-

237 450 423 481 nifestantur
436 450 539 481 modo.
583 451 640 481 Ad
654 451 718 481 haeo
737 451 878 487 Sanctus,
895 450 946 481 De
962 461 1024 491 qua
1038 462 1131 487 nune,
1153 451 1207 487 ait,
1223 451 1352 491 inquiris
1370 451 1460 482 valde
1480 451 1585 482 subtili

236 512 269 532 re
291 501 467 532 nullatenus
488 501 546 532 tibi
560 501 729 541 quamlibet
751 501 884 541 aliquam
907 501 1050 532 intimare
1067 501 1248 542 particulam
1268 508 1385 542 potero,
1410 502 1468 532 nisi
1488 502 1583 542 prius,

237 552 322 583 flexis
341 553 481 593 genibus,
503 563 557 593 per
576 563 687 583 nomen
710 552 821 583 excelsi
837 552 899 583 Dei
919 553 994 583 mihi
1014 553 1143 583 firmiter
1165 553 1326 594 promittas
1348 553 1404 584 hoc
1424 558 1456 584 te
1479 554 1587 584 obscu-

235 603 388 634 rissimum
418 604 656 635 sacramentumk
678 603 755 634 nulli
784 614 921 644 unquam
949 604 1109 634 hominum
1139 605 1258 635 cunctis
1282 605 1390 636 diebus
1416 604 1489 635 vitae
1510 615 1585 635 meae

235 660 457 685 enarraturum.
502 654 576 694 Qui,
593 655 660 685 hrec
675 655 810 690 audiens,
833 654 920 685 flexit
935 655 1082 685 continuo
1103 665 1215 695 genua,
1236 660 1278 691 et,
1299 660 1453 695 prostrato
1472 655 1504 685 in
1524 660 1585 685 ter-

235 716 299 735 ram
323 705 422 740 vultu,
442 706 535 745 juxta
560 705 665 737 Sancti
686 706 924 746 praeceptionem
945 706 1035 746 plene
1061 706 1162 736 omnia
1183 706 1332 746 promisit.
1387 706 1459 746 Qua
1481 706 1582 737 statim

234 753 370 793 perfecta
393 753 603 794 promissione,
631 753 762 785 Sanetus
790 754 829 784 ad
851 759 1030 794 surgentem
1056 754 1099 784 sio
1124 754 1245 785 locutus
1268 755 1380 795 inquit,
1407 754 1488 786 Sunt
1510 766 1586 785 non-

234 804 322 840 nulli,
338 804 508 843 quamlibet
527 805 617 844 pauei
636 805 812 840 admodum,
836 805 949 844 quibus
963 805 1068 835 divina
1082 805 1141 836 hoc
1161 805 1293 836 contulit
1308 805 1416 846 gratia,
1437 811 1474 836 ut
1493 806 1583 836 etiam

234 861 334 885 totum
365 856 490 886 ⁴‘totius
519 861 609 886 terrae
638 857 752 892 orbem,
785 867 854 887 cum
884 857 1003 888 ambitu
1032 857 1137 887 oceani
1163 862 1194 888 et
1216 857 1293 893 coeli,
1325 867 1386 887 uno
1416 858 1584 898 eodemque

234 911 399 942 momento,
423 907 511 946 quasi
526 908 582 937 sub
599 918 660 937 uno
682 907 754 937 solis
769 907 864 943 radio,
887 906 1068 938 mirabiliter
1087 907 1191 937 laxato
1214 907 1325 937 mentis
1348 906 1426 943 sinu,
1451 906 1530 938 clare
1553 915 1584 937 et

234 957 478 988 manifestissime
493 958 700 998 speetdentur.
745 958 817 989 Hoe
831 958 1012 989 miraculum
1030 958 1172 994 Sanetus,
1189 958 1330 998 quamvis
1346 957 1383 988 de
1399 957 1464 988 aliis
1480 958 1584 989 electis

233 1008 332 1039 dicere
348 1008 498 1044 videatur,
526 1019 636 1039 vanam
651 1009 759 1048 utique
779 1008 900 1049 fugiens
915 1009 1055 1049 gloriam,
1080 1009 1118 1039 de
1141 1009 1239 1049 seipso
1260 1014 1363 1039 tamen
1384 1008 1507 1045 dixisse,
1530 1020 1584 1049 per

233 1059 393 1099 obliquum
412 1059 494 1096 licet,
520 1060 623 1091 nullus
639 1060 780 1091 dubitare
795 1061 889 1091 debet
911 1061 964 1101 qui
980 1060 1113 1091 Paulum
1129 1061 1207 1102 legit
1222 1061 1422 1101 Apostolum,
1439 1071 1492 1090 vas
1507 1060 1585 1091 elec-

1203 1115 1278 1146 Non
1293 1116 1373 1146 enim
1389 1115 1431 1146 ita
1452 1115 1581 1156 scripsit,

235 1166 304 1198 Scio
320 1178 379 1203 me,
396 1167 460 1203 sed,
476 1167 545 1198 Seio
565 1167 732 1204 hominem,
748 1173 871 1208 raptum
891 1180 988 1208 usque
1003 1169 1043 1199 ad
1058 1169 1183 1199 tertium
1199 1169 1326 1199 coelum¹.
1372 1169 1466 1208 Quod
1478 1180 1584 1209 quam—

232 1217 308 1248 libet
319 1218 357 1248 de
372 1218 431 1247 alio
446 1218 547 1248 dicere
561 1218 738 1254 ⁴⁶videatur,
755 1229 846 1249 nemo
861 1225 964 1249 tamen
979 1219 1104 1250 dubitat
1118 1220 1161 1250 sic
1176 1220 1214 1250 de
1229 1220 1361 1260 propria,
1378 1219 1582 1250 humilitatem

233 1268 417 1305 custodiens,
435 1279 574 1299 enan-are
588 1279 725 1309 persona.
771 1269 873 1308 Quem
890 1269 1008 1300 “etiam
1024 1276 1055 1300 et
1068 1275 1172 1300 noster
1187 1269 1340 1301 Columba
1355 1270 1389 1300 in*
1401 1270 1582 1310 spiritalium

233 1322 384 1352 visionum
400 1323 572 1353 narratione
588 1328 710 1354 secutus
726 1328 773 1354 est
796 1323 935 1363 superius
960 1330 1136 1360 memorata,
1163 1335 1256 1364 quam
1271 1324 1309 1355 ab
1332 1336 1368 1355 eo
1391 1324 1583 1364 supradictus

233 1373 288 1409 vir,
313 1384 404 1414 quem
419 1373 587 1414 plurimum
609 1374 740 1405 Sanctus
762 1375 893 1410 amabat,
918 1375 1038 1415 magnis
1060 1376 1201 1416 precibus
1216 1375 1389 1416 praemissis,
1412 1376 1464 1406 vix
1480 1376 1583 1416 potuit

233 1113 334 1150 tionis,
351 1114 390 1144 de
405 1113 518 1144 talibus
533 1122 707 1145 narrantem
723 1114 780 1145 sibi
795 1115 938 1146 revelatis
953 1119 973 1134 ⁴⁵
981 1115 1158 1146 visionibus.

232 1430 424 1465 extorquere,
449 1425 528 1456 sicut
550 1426 642 1467 ⁴¹⁸ipse
666 1437 766 1457 coram
789 1427 918 1457 aliorum
939 1427 1075 1468 personis
1099 1433 1284 1464 sanctorum,
1309 1433 1379 1468 post
1401 1428 1498 1459 sancti
1521 1428 1582 1459 Co-

278 1537 295 1552 ⁴¹
309 1544 349 1557 17711.
368 1537 396 1558 D.
1462 1539 1480 1551 ⁴⁵
1492 1546 1532 1559 om.
1552 1538 1578 1558 l).

231 1568 249 1582 ⁴12
261 1568 375 1589 videretur
392 1567 416 1589 C.
431 1568 458 1588 D.

726 1538 745 1553 *¹³
756 1537 797 1559 tibi
814 1538 866 1558 adel.
881 1538 908 1558 I).

720 1568 737 1583 ²⁹
749 1575 789 1590 om.
803 1568 829 1590 B.

505 1537 523 1552 4¹:
535 1545 576 1558 om.
597 1537 623 1558 l).

524 1569 540 1583 ⁴7
552 1569 600 1596 jam
613 1568 643 1589 D.

1011 1539 1029 1553 Η
1041 1538 1091 1560 licet
1109 1545 1152 1559 non
1170 1545 1256 1566 semper
1274 1538 1326 1559 add.
1345 1538 1371 1559 B.

232 1660 258 1678 to
270 1656 312 1678 the
324 1655 408 1686 family
422 1656 447 1678 in
460 1656 538 1679 which
551 1656 592 1679 the
604 1656 720 1686 Primacy
732 1663 800 1686 grew
813 1660 839 1679 to
851 1656 880 1678 bu

230 1697 388 1728 hereditary3
408 1698 450 1720 the
463 1697 495 1720 Ui
509 1697 624 1726 Niallain,
643 1697 697 1720 who
715 1705 779 1720 were
796 1697 849 1721 also
866 1706 881 1720 a

231 1740 330 1768 brauch,
349 1740 466 1763 obtained
483 1748 497 1763 a
515 1741 647 1771 severalty,
668 1741 716 1764 and
728 1748 793 1772 gave
809 1748 880 1764 name

230 1786 257 1805 to
276 1782 318 1804 the
337 1782 437 1812 portion
455 1782 483 1805 of
498 1782 541 1805 the
559 1782 666 1813 original
685 1783 806 1813 territory
825 1790 879 1805 now

230 1824 319 1846 known
342 1831 370 1846 as
393 1823 435 1847 the
453 1823 567 1846 baronies
590 1824 618 1846 of
638 1824 785 1850 Oneilland;
809 1824 880 1847 while

229 1865 271 1887 the
286 1864 386 1895 generie
399 1872 470 1887 name
484 1864 605 1887 Airthear
616 1864 717 1887 became
729 1864 842 1887 confined
854 1869 880 1887 to

230 1905 271 1927 the
287 1905 350 1935 strip
363 1905 391 1927 of
402 1907 508 1935 country
521 1905 599 1928 which
612 1905 708 1928 formed
720 1905 761 1928 the
779 1909 880 1928 eastern

230 1946 328 1976 margin
344 1946 372 1968 of
389 1945 538 1976 Airghialla,
558 1953 586 1969 as
605 1946 625 1969 it
645 1946 697 1969 still
717 1946 775 1969 does
795 1946 822 1969 of
838 1947 879 1970 the

229 1991 320 2018 county
332 1986 381 2010 aud
397 1987 494 2010 diocese
511 1988 538 2010 of
552 1987 674 2018 Armagh,
693 1988 820 2018 retaining
837 1988 879 2011 the

229 2028 269 2051 old
293 2028 445 2059 appellation
468 2028 546 2051 under
569 2029 611 2051 the
635 2028 740 2059 slightly
762 2028 879 2052 modified

229 2070 293 2092 form
305 2069 333 2093 of
345 2070 424 2093 Orior.

259 2109 489 2132 *Locorum—The
498 2109 563 2132 Faue
573 2108 650 2132 River
659 2108 753 2131 bounds
760 2108 878 2139 Donagh-

229 2158 322 2181 moyne‚
341 2150 382 2173 the
398 2149 437 2173 old
454 2148 517 2173 limit
535 2150 562 2173 of
571 2150 613 2172 the
627 2150 776 2181 Maugdorni
794 2157 824 2173 on
837 2150 878 2172 the

229 2192 377 2220 north-east,
392 2191 537 2222 separating
549 2191 591 2214 the
604 2191 715 2214 counties
728 2191 755 2214 os
765 2191 877 2221 Armagh

931 1656 980 1679 and
988 1656 1138 1687 Monaghan,
1146 1656 1232 1683 which,
1244 1657 1268 1679 in
1277 1657 1327 1680 this
1336 1657 1441 1687 portion,
1451 1660 1581 1686 represent

931 1697 972 1720 the
987 1698 1087 1721 ancient
1104 1697 1244 1721 territories
1262 1698 1290 1720 of
1303 1697 1346 1720 the
1365 1698 1511 1720 Anteriores
1531 1697 1580 1720 aud

931 1739 1089 1769 Maugdorni.

962 1783 971 1797 λ
985 1782 1251 1805 Sacrwnentnm.——See
1267 1781 1320 1805 also
1337 1782 1351 1804 i.
1368 1789 1405 1811 50,
1424 1782 1458 1804 iii.
1473 1783 1493 1808 6,
1507 1789 1528 1810 7,
1542 1790 1578 1807 22,

931 1823 1011 1845 where
1023 1823 1065 1846 the
1081 1823 1150 1845 word
1163 1823 1271 1852 signifles
1286 1826 1314 1845 ‘a
1331 1822 1425 1845 solemn
1440 1821 1540 1849 secret‚’
1552 1830 1580 1845 or

933 1867 939 1876 ‘
948 1863 1061 1893 deposit!
1094 1863 1164 1886 Thus
1177 1863 1201 1885 in
1215 1864 1250 1886 St.
1263 1863 1402 1885 Brendau's
1415 1863 1482 1886 Life:
1498 1863 1579 1885 “Veni

930 1906 955 1926 et
968 1903 1023 1926 vide
1036 1907 1220 1926 sacramentum
1230 1903 1302 1933 hujus
1312 1903 1455 1933 rei.'’—cap.
1468 1904 1492 1925 18
1505 1902 1578 1932 (eod.

930 1943 1024 1966 Marsh.
1037 1943 1078 1966 sol.
1091 1944 1120 1972 58
1131 1943 1144 1966 Ι)
1154 1943 1188 1972 h).
1215 1943 1365 1973 Μυστὴριον
1376 1943 1401 1965 iu
1415 1942 1476 1973 Eph.
1486 1951 1507 1965 v.
1518 1950 1545 1972 32
1559 1943 1578 1965 is

929 1984 1051 2007 rendered
1063 1989 1231 2007 sacramentam
1244 1985 1268 2007 in
1281 1984 1322 2007 the
1336 1984 1411 2007 Latin
1423 1985 1542 2007 vex-siuns.

960 2027 965 2041 ¹
981 2025 1125 2050 Coelzem.-z
1138 2025 1196 2048 Cor.
1214 2025 1253 2047 xii.
1273 2033 1291 2047 2.
1338 2024 1460 2052 SeduliuQ
1483 2025 1518 2048 St.
1532 2025 1577 2049 Co-

928 2066 1030 2090 lumba's
1043 2070 1214 2097 countryman,
1226 2067 1393 2097 commenting
1403 2073 1433 2089 on
1444 2066 1484 2089 the
1499 2066 1579 2090 words

931 2108 987 2132 Scio
1005 2107 1124 2135 homiuem,
1145 2107 1276 2130 observes:
1297 2107 1374 2130 “Hoc
1392 2107 1420 2131 de
1439 2115 1464 2130 se
1482 2108 1578 2130 humili-

929 2150 990 2173 tatis
1003 2157 1086 2176 causa,
1096 2149 1166 2179 quasi
1179 2148 1203 2171 in
1216 2148 1319 2171 alterius
1331 2156 1437 2179 persona
1449 2149 1581 2179 loquiturs’

929 2191 1034 2221 (Annot.
1048 2191 1072 2213 in
1086 2191 1109 2213 S.
1124 2190 1194 2213 Pauli
1208 2190 1288 2220 Epist.
1301 2198 1323 2220 p.
1340 2190 1391 2217 276.
1407 2189 1482 2213 Easil.
1500 2192 1578 2221 1538.)
