1850 2692
252 296 316 339 156
727 292 801 328 Vita
819 293 937 329 Sancti
957 292 1124 329 Columbae
1478 305 1550 342 [Lm
1566 313 1594 332 11·

249 389 387 429 posuisti,
403 389 460 420 bac
475 389 541 420 vice
557 393 592 419 ut
607 388 724 419 aestimo
739 399 801 419 non
816 394 847 419 te
862 389 901 418 ad
916 388 1115 418 *Hiberniam
1130 388 1338 419 comitabitur.
1377 389 1453 425 Cur,
1467 390 1520 426 ait,
1533 401 1595 420 non

249 450 369 470 mecum
384 439 416 469 in
437 439 508 470 navi
528 439 671 470 comitem
694 449 765 468 eum
787 438 899 468 habere
921 438 1054 478 potero?
1101 438 1242 474 Sanetus,
1264 438 1387 475 Altera,
1410 439 1522 479 inquit,
1547 440 1596 470 die

243 492 334 531 ¹quod
348 502 396 522 res
415 491 558 532 probabit
578 490 664 520 scies.
708 489 822 529 Itaque
837 488 1000 529 Lugajdus
1014 499 1104 519 mane
1118 494 1241 528 postera
1256 488 1305 519 die
1324 489 1363 519 ad
1378 490 1596 520 retrahendum

249 544 288 574 de
303 543 379 573 mari
394 548 494 573 utrem
511 542 630 583 pergit3
654 552 747 581 quem
762 546 866 571 tamen
885 539 994 570 salacia
1014 544 1109 569 noctu
1128 540 1281 570 subtraxit
1296 540 1400 570 undass.
1444 540 1516 580 Quo
1534 551 1595 571 non

249 602 380 635 reperto,
394 594 433 624 ad
445 593 594 624 Sanctum
603 602 742 623 reversus
754 591 858 626 tristis,
875 590 961 621 flexis
977 590 1023 619 ⁵in
1038 594 1167 620 ⁶terram
1182 590 1322 631 genibus,
1341 602 1427 621 suam
1442 591 1598 623 confessus

250 650 297 676 est
318 643 549 685 negligentiam.
594 642 655 674 Cui
677 642 818 677 Sanctus,
842 640 930 670 illum
945 640 1129 678 consolatus,
1143 633 1206 677 ait,
1225 640 1302 671 Noli
1316 641 1410 672 frater
1431 652 1486 682 pro
1506 641 1599 682 fragi-

250 696 330 727 libus
346 694 521 726 contristari
535 694 645 724 rebus:
662 698 731 724 uter
741 703 833 733 quem
849 691 959 722 salacia
974 691 1100 721 sustulit
1115 692 1223 728 ⁷unda,
1241 692 1280 722 ad
1295 703 1385 722 suum
1400 692 1513 729 locum,
1530 698 1600 733 post

250 757 339 782 tuum
354 760 520 790 egressum,
533 748 703 789 reportabit
718 747 864 778 ⁸veniliaf.
909 746 1029 776 Eadem
1044 745 1093 776 die
1108 750 1179 785 post
1191 744 1326 785 Lugaidi
1341 745 1379 774 de
1395 744 1488 774 9Ιοιιτι
1499 744 1599 774 insula

250 801 492 842 emigrationem,
513 799 588 830 hora
603 804 757 829 transacta
771 809 861 833 nona,
887 797 1019 828 Sanctus
1035 795 1304 827 circumstantibus
1321 795 1363 825 sic
1377 796 1526 835 profatus,
1543 795 1595 831 ait,

251 853 346 884 Nunc
361 863 399 883 ex
414 852 500 882 vobis
516 862 596 882 unus
618 851 656 881 ad
679 861 783 890 aequor
805 854 914 890 pergat
927 860 935 884 ;
958 854 1070 884 utrem,
1091 848 1129 878 de
1145 858 1207 887 quo
1222 846 1385 888 Lugaidus
1401 848 1596 887 querebatur,

251 909 282 935 et
298 914 391 944 quem
409 902 518 933 salacia
540 901 733 931 ¹⁰sustulerat
754 900 845 935 unda,
870 910 953 930 nunc
975 899 1088 930 venilia
1109 898 1277 934 retrahens,
1301 898 1333 928 in
1348 898 1414 928 loco
1430 898 1511 928 unde
1527 899 1599 928 sub-

251 960 368 985 tractus
383 958 430 984 est
446 951 714 992 ¹¹repraesentavit.
760 950 832 989 Quo
855 949 961 981 Sancti
982 949 1088 980 audito
1104 949 1209 984 verbO,
1227 948 1353 988 quidam
1365 948 1463 978 alacer
1474 947 1599 988 juvenis

251 1005 289 1035 ad
305 1015 388 1035 oram
403 1003 540 1034 cucurrit
555 1002 657 1037 maris,
681 1006 900 1041 repertumque
916 1005 1027 1035 utrem,
1048 999 1128 1030 sicut
1143 999 1325 1039 praedixerat
1343 999 1484 1035 Sanctus,
1508 1010 1599 1030 cursu

250 1066 390 1086 reversus
411 1054 532 1086 concito
546 1058 716 1094 reportans,
742 1052 832 1083 valde
854 1052 989 1093 gavisuS,
1014 1062 1115 1082 coram
1141 1051 1265 1087 Sancto,
1294 1061 1364 1081 cum
1387 1051 1523 1081 omnium
1546 1050 1600 1090 qui

250 1107 365 1138 ibidem
389 1106 534 1136 ¹2inerant
555 1104 766 1139 admiratione,
790 1103 967 1144 assignavit.
1013 1102 1053 1133 In
1067 1102 1126 1138 his,
1151 1107 1186 1132 ut
1207 1113 1286 1142 saepe
1302 1102 1419 1132 dictum
1440 1108 1496 1139 est,
1520 1103 1600 1133 binis

251 1157 475 1188 narrationibus
491 1156 629 1197 superius
644 1155 816 1195 descriptis,
838 1154 1008 1195 quamlibet
1028 1153 1059 1183 in
1078 1153 1180 1194 parvis
1196 1154 1297 1190 rebus,
1320 1154 1395 1185 sude
1410 1154 1553 1185 videlicet
1569 1160 1601 1185 et

252 1214 330 1245 utre,
349 1208 536 1249 ¹³prophetia
551 1207 642 1238 simul
657 1212 689 1238 et
705 1206 829 1237 virtutis
844 1206 1024 1237 miraculum
1041 1205 1179 1236 comitari
1195 1210 1376 1236 cernuntur.
1421 1210 1439 1224 ¹⁴
1451 1205 1544 1236 Nunc
1560 1206 1598 1236 ad

252 1261 310 1292 alia
325 1266 345 1280 ¹⁵
351 1261 522 1292 tendamus.

442 1374 499 1399 ¹DE
519 1379 666 1399 LIBRANO
682 1372 925 1398 ²ARUND1NET1³
942 1375 1178 1397 PROPHETATIO
1196 1375 1312 1396 SANCTI
1328 1375 1408 1395 vim.

316 1443 408 1472 Amo
429 1442 461 1471 in
482 1447 631 1481 tempore,
656 1451 726 1471 cum
749 1440 796 1470 vir
818 1444 940 1470 sanctus
955 1439 987 1468 in
1003 1438 1098 1468 ³Ioua
1119 1442 1352 1468 conversaretur
1374 1437 1484 1472 insula,
1508 1436 1599 1467 homo

252 1493 376 1534 quidam
399 1493 536 1533 plebeius
561 1503 660 1533 nuper
682 1496 806 1532 sumpto
821 1491 982 1522 clericatus
1003 1489 1136 1525 habitum
1163 1489 1201 1519 de
1227 1488 1331 1519 scotia
1354 1488 1598 1529 transnavigans,

864 1573 873 1587 8
887 1571 975 1593 venalia
987 1571 1012 1594 C.
1071 1570 1081 1585 ⁹
1092 1571 1119 1592 A.
1130 1570 1154 1592 C.
1164 1570 1188 1591 F.
1200 1569 1223 1592 S.
1257 1570 1308 1592 iona
1320 1570 1347 1592 B.

1010 1603 1058 1617 1445
1070 1610 1110 1623 om.
1125 1602 1151 1623 B.

954 1643 963 1657 ²
975 1640 1118 1663 harundineti
1130 1640 1158 1662 A.
1170 1640 1197 1662 B.

298 1577 306 1591 4
317 1575 429 1597 evemiam
440 1575 468 1596 A.
525 1576 554 1590 Ην
565 1581 606 1596 om.
619 1573 645 1595 B.
703 1575 711 1589 ⁷
723 1581 764 1595 om.
778 1573 803 1595 C.
1418 1572 1434 1585 ¹⁰
1446 1570 1562 1592 sustulerit
1574 1570 1599 1591 F.

253 1609 267 1623 ¹¹
279 1606 445 1634 repraesentabit
457 1606 482 1627 F.
549 1607 566 1621 1²
578 1608 642 1627 erant
654 1605 679 1627 C.
744 1606 763 1620 ¹³
773 1604 907 1632 propheticae
919 1603 944 1625 C.

300 1647 305 1661 ¹
320 1646 412 1674 capitul.
425 1648 493 1667 totum
505 1652 546 1667 om.
559 1645 584 1667 C.
593 1645 621 1666 D.
633 1644 656 1666 F.
668 1644 691 1665 S.
703 1643 761 1665 titul.
774 1650 815 1664 om.
829 1642 888 1664 Boll.
1263 1640 1272 1654 ³
1284 1639 1335 1661 iona
1348 1640 1373 1661 Β.

281 1722 290 1732 ²
300 1716 399 1740 Salacia
408 1714 570 1738 u11da.—The
577 1713 667 1737 salacia
677 1713 724 1736 and
733 1712 818 1736 venilia
827 1711 899 1735 undae

251 1757 344 1788 signify
356 1757 395 1779 the
412 1756 458 1778 ebb
473 1755 522 1778 aud
536 1755 592 1778 flow
608 1754 635 1777 of
648 1754 689 1777 the
704 1753 762 1777 tide.
797 1753 833 1776 St.
848 1753 899 1775 Au-

250 1798 350 1829 gustine
362 1797 419 1820 thus
429 1796 540 1826 disposes
553 1795 580 1818 of
589 1795 654 1818 their
666 1793 843 1825 mythological
856 1793 899 1815 im-

250 1839 409 1870 personative
421 1837 587 1868 application:
601 1838 616 1849 ‘¹
624 1836 681 1859 ,Iam
693 1836 778 1865 utique
790 1834 900 1857 habebat

251 1880 375 1904 Salaciam
388 1880 518 1909 Neptunus
537 1885 647 1903 uxorem,
666 1884 739 1907 quam
756 1876 900 1899 inferiorem

251 1929 340 1952 aquam
360 1920 436 1942 maris
459 1926 514 1941 esse
532 1919 659 1945 dixerunt,
681 1921 709 1941 ut
725 1917 783 1948 quid
802 1916 839 1939 illi
856 1916 899 1939 ad-

247 1963 337 1993 juncta
348 1964 387 1984 est
396 1964 420 1983 et
430 1960 533 1987 Venilia,
546 1959 594 1982 nisi
605 1963 634 1982 ut
646 1959 698 1982 sine
709 1959 760 1982 ulla
772 1965 848 1982 causa
859 1965 900 1980 ne-

250 2003 416 2026 cessariorum
443 2008 579 2028 sacrorum,
603 2000 657 2023 sola
683 1999 784 2022 libidine
812 1999 900 2022 animae

248 2044 401 2075 prostitutae,
421 2041 632 2072 multiplicaretur
649 2040 767 2063 invitatio
784 2039 901 2063 daemoni-

249 2086 337 2109 orum?
367 2084 415 2108 Sed
426 2083 570 2115 proferatur
582 2083 759 2113 interpretatio
771 2082 901 2113 praeelarae

248 2125 389 2156 theologiae,
404 2132 458 2154 quae
470 2131 514 2146 nos
527 2123 558 2146 ab
571 2123 621 2146 ista
638 2122 830 2153 reprehensione
846 2122 902 2145 red-

250 2166 303 2188 dita
320 2165 417 2188 ratione
435 2166 585 2194 compescat.
614 2163 713 2186 Venilia
727 2163 815 2194 inquit,
834 2163 902 2187 unda

250 2209 297 2232 est,
309 2212 363 2235 quae
375 2203 408 2227 ad
419 2203 490 2226 littus
503 2203 586 2226 venit:
606 2202 706 2226 Salacia
717 2210 772 2233 quae
784 2203 809 2226 in
822 2203 902 2226 salum

948 1710 1022 1733 redit.
1056 1709 1108 1733 Cur
1123 1716 1184 1739 ergo
1200 1708 1253 1731 deae
1267 1708 1330 1731 fiunt
1345 1708 1407 1736 duae,
1432 1716 1487 1732 cum
1503 1710 1535 1732 sit
1552 1717 1601 1732 una

947 1751 1022 1778 unda,
1037 1758 1092 1781 quae
1104 1750 1171 1773 venit
1183 1753 1209 1772 et
1221 1750 1286 1772 redit
1293 1750 1392 1773 ?''—De
1407 1751 1481 1773 Civit.
1493 1751 1547 1776 Dei.
1559 1751 1599 1774 vii.

949 1801 992 1820 22;
1011 1792 1083 1815 conff.
1095 1791 1132 1814 ΙΙ).
1147 1792 1178 1814 iv.
1195 1799 1230 1818 10,
1244 1799 1278 1813 ιι.
1314 1791 1376 1814 This
1389 1792 1436 1814 ebb
1448 1792 1497 1815 and
1509 1792 1564 1815 flow
1576 1793 1604 1815 of

948 1834 990 1857 the
1007 1833 1060 1857 tide
1077 1834 1097 1856 is
1115 1838 1141 1856 to
1158 1833 1188 1856 be
1205 1833 1391 1863 distinguished
1409 1834 1474 1856 from
1489 1834 1531 1857 the
1549 1833 1601 1857 ledo

949 1875 997 1898 and
1009 1874 1095 1898 malina
1108 1874 1187 1897 which
1200 1882 1243 1897 are
1255 1874 1317 1897 used
1330 1875 1361 1905 by
1374 1875 1442 1898 Bede
1455 1875 1503 1898 and
1516 1875 1601 1898 others

948 1921 975 1940 to
985 1916 1073 1939 denote
1083 1917 1125 1940 the
1134 1917 1210 1939 lower
1223 1916 1271 1939 and
1283 1917 1372 1947 higher
1382 1917 1455 1940 tides.
1482 1917 1510 1940 In
1520 1925 1535 1940 a
1544 1918 1599 1941 MS.

949 1958 977 1981 of
988 1958 1064 1984 Bede,
1079 1957 1121 1981 De
1132 1957 1231 1980 Natura
1244 1957 1342 1984 Rerum,
1362 1958 1507 1989 containing
1524 1958 1600 1981 inter-

949 1999 1028 2021 linear
1046 1999 1111 2021 Irish
1129 1998 1234 2029 glosses,
1253 1999 1389 2028 preserved
1410 2002 1437 2021 at
1455 1999 1599 2025 Carlsruhe,

948 2040 990 2063 the
1003 2040 1085 2062 words
1101 2040 1125 2062 in
1137 2039 1227 2062 lidones
1240 2047 1283 2062 are
1301 2039 1441 2070 explained.
1457 2047 1481 2063 .1.
1495 2041 1520 2063 hi
1537 2048 1601 2064 con—

950 2082 1084 2110 cpochcu,
1104 2080 1153 2103 and
1173 2080 1279 2108 malinas,
1300 2087 1325 2103 .1.
1345 2081 1370 2104 hl
1386 2081 1534 2110 pobopcm.
1569 2082 1602 2105 So

949 2122 1002 2145 also
1014 2122 1038 2145 in
1050 2122 1087 2145 his
1101 2122 1177 2148 work,
1192 2121 1234 2145 De
1249 2121 1387 2152 Temporum
1396 2122 1509 2149 Ratione,
1520 2123 1602 2146 where

949 2163 1109 2191 concpuchn
1128 2162 1150 2184 is
1167 2161 1220 2184 also
1233 2162 1275 2184 the
1287 2161 1356 2192 gloss
1373 2169 1404 2185 on
1416 2162 1530 2193 defletus,
1552 2163 1602 2186 and

947 2205 1065 2233 nobtmci
1084 2211 1115 2227 on
1128 2203 1259 2234 profectus.
1295 2203 1349 2226 The
1367 2210 1435 2226 same
1450 2204 1601 2235 interesting
